2984 4867
989 383 1411 434 εειιιιοκυιι
1461 387 1606 436 mn.
1656 389 1707 438 ι.
1750 375 1857 439 10.

318 522 456 600 Illi,
486 522 739 607 scripta
766 525 1009 608 quibus
1039 524 1391 591 Comoedia
1416 529 1640 611 prisca
1667 530 1831 593 viris
1864 536 1991 608 est,

320 623 479 688 Hoc
509 624 794 701 stabant,
825 624 957 690 hoc
989 632 1144 689 suut
1167 627 1505 708 imitandi3
1535 650 1704 711 quos
1732 651 1944 714 neque
1972 631 2250 713 pulcher

320 723 782 806 Hermogenes
810 744 1106 807 unquam
1135 727 1313 808 legit,
1342 743 1560 812 neque
1592 732 1826 795 simius
1858 733 2007 810 iste,

320 824 442 890 Nil
473 832 715 906 proeter
742 824 1023 890 Calvum
1052 832 1120 890 et
1147 826 1381 893 doctus
1411 836 1683 895 cantare
1714 831 2076 897 catullum.

304 925 373 1002 ΕΙ
403 924 496 990 At
522 945 825 1008 magnum
853 926 1036 1005 fecit,
1077 929 1256 1011 quod
1281 932 1505 995 verbis
1535 931 1778 997 Graeca
1808 932 2065 997 Latinis

313 1112 433 1162 cidit
453 1115 688 1179 efficacias
706 1120 753 1165 et
771 1118 930 1178 nptias
948 1132 1088 1181 qaum
1121 1118 1355 1169 acerbam.
1423 1120 1500 1169 Eo

2414 938 2501 1003 20

1519 1121 1777 1183 pollebunt,
1808 1125 1862 1173 iu
1883 1138 1937 1173 eo
1953 1130 2064 1174 sant
2086 1126 2352 1175 imitatione
2368 1125 2507 1186 digni

314 1176 524 1227 laomim
542 1178 619 1227 illi
646 1195 677 1228 a
698 1181 867 1243 quibas
884 1188 1022 1231 oetas
1038 1184 1261 1232 emmiu
1280 1184 1469 1232 condita
1489 1190 1561 1233 est
1575 1201 1592 1233 .·
1625 1200 1735 1248 quos
1767 1202 2002 1249 nunquam
2035 1189 2210 1239 evolvit
2243 1195 2326 1239 unt
2360 1189 2505 1237 bellus

315 1240 658 1303 Hermogenes,
677 1249 761 1293 nat
779 1244 947 1294 sbrius
964 1246 1077 1305 iste,
1095 1247 1218 1294 nihil
1237 1247 1389 1295 scieas
1408 1262 1576 1297 canen
1595 1250 1694 1299 aiei
1717 1250 1911 1300 caleam
1930 1258 1976 1301 et
2006 1253 2262 1302 Catulla-s.
2311 1253 2507 1303 Amin

315 1303 529 1356 Luciliu
548 1307 781 1358 hadabile
812 1309 898 1358 hoc
924 1310 1157 1372 prostitit
1176 1311 1298 1372 quod
1322 1310 1519 1359 (ἔπειτα
1537 1327 1668 1361 voces
1691 1313 1879 1363 Latinis
1908 1316 2112 1366 miscuit.
2183 1318 2228 1364 0
2249 1316 2429 1380 stupidi
2451 1316 2504 1364 in

1301 1458 1351 1507 N
1357 1458 1515 1509 01¹AE

314 1549 456 1598 cauti
483 1548 861 1610 patrisfamilias
891 1566 1023 1616 esse,
1056 1553 1195 1618 quod
1228 1568 1366 1604 eme-

317 1639 375 1673 re
399 1626 527 1675 velit
548 1633 803 1675 emturum
832 1641 888 1676 se
923 1641 1134 1691 negare,
1154 1636 1367 1691 propter

312 1701 679 1762 competitores
692 1700 965 1751 emtionis.’
996 1702 1076 1751 1d.
1090 1702 1215 1753 ibid.
1232 1703 1367 1752 Vide

313 1773 464 1824 Orat.
503 1789 597 1838 pro
633 1776 687 1826 L.
709 1775 974 1837 Muraena;
1008 1777 1097 1826 ubi
1121 1778 1366 1828 cavillans

314 1858 485 1900 astute
507 1850 690 1900 Cicero
709 1850 986 1902 adversarii
1010 1851 1225 1903 Catonis
1247 1867 1366 1903 auc·

298 1926 583 1993 ‚toritatem
602 1926 765 1976 eludit
781 1928 1060 1993 vincitque.

300 2042 306 2049 .
382 2005 445 2050 lo
475 2001 581 2065 lui,
614 2003 795 2066 eeu-ipe«
817 2003 1000 2066 quibas,
1027 2002 1135 2067 ee]
1167 2005 1369 2055 Comoe·

312 2078 414 2129 ὀίω
435 2081 627 2129 veteris
661 2087 923 2145 auctores,
944 2083 1179 2147 Eupolis,
1202 2084 1366 2135 Crati-

312 2168 430 2218 nus,
470 2154 862 2220 Aristophanes,
898 2160 1000 2207 dte.
1066 2158 1149 2207 De
1185 2159 1368 2223 quihus

310 2230 423 2280 Sat.
444 2245 522 2281 ιν.
542 2231 772 2295 praeced.
1124 2246 1131 2259 ¹

382 2310 442 2355 17
468 2306 576 2355 Hoc
595 2307 804 2369 stabant,
825 2307 930 2371 ξω]
954 2309 1053 2359 His
1075 2309 1370 2375 virtutibus,

314 2394 439 2445 quas
467 2380 618 2430 modo
640 2382 869 2442 laudavi,
887 2384 1245 2437 excellebant:
1282 2401 1368 2436 va-

315 2456 392 2503 ria
430 2455 738 2516 eruditione,
781 2459 1149 2509 sententiarum
1183 2469 1369 2524 arguta

302 2528 591 2588 -brevitate,
605 2532 887 2595 *satyricum
911 2535 1068 2583 salem
1086 2542 1209 2598 apte
1228 2533 1369 2584 affri-

313 2604 520 2664 cabant,
557 2607 882 2656 acrimoniam
912 2608 1033 2672 styli
1062 2608 1214 2658 modo
1244 2623 1365 2658 exe-

315 2688 507 2738 rentes,
527 2682 784 2731 interdum
808 2683 1140 2746 cohibentes3
1176 2693 1228 2734 et
1244 2699 1365 2734 cou-

310 2756 447 2805 shlto
470 2756 661 2805 viribus
684 2765 977 2820 parcentes,
995 2761 1097 2809 otc.

381 2834 443 2881 18
466 2831 812 2894 Hermogenes]
843 2832 1107 2897 Tigellius,
1124 2847 1245 2882 acer
1266 2834 1366 2882 Lu·

312 2908 421 2957 ciiii
443 2906 633 2970 fautor,
654 2908 719 2957 de
745 2922 844 2972 quo
867 2909 978 2959 Sat.
1004 2923 1089 2958 ιιι.
1108 2909 1335 2973 praced-

378 2983 557 3033 Simius
594 2984 708 3048 iste]
762 2985 1055 3034 Demetrius
1101 2983 1272 3048 poeta,
1309 2992 1368 3035 et

311 3056 599 3108 fabularum
624 3066 797 3108 actor:
828 3058 893 3107 de
913 3073 1014 3122 quo
1038 3059 1192 3122 paulo
1216 3067 1362 3123 post:

309 3134 508 3183 sindus.-
540 3147 757 3198 corpore
791 3131 1072 3194 defen-min
1108 3135 1190 3183 vel
1222 3135 1367 3199 inep-

312 3216 396 3260 tus
418 3217 472 3259 et
497 3211 718 3260 insulsus
742 3209 993 3260 imitator.

379 3289 442 3334 1⁹
464 3286 558 3335 Nil
575 3291 752 3348 prater
769 3286 984 3345 Οαὶυιιιιι,
1003 3283 1110 3348 &ej
1131 3284 1364 3348 Uterque

309 3362 396 3411 ille
411 3362 502 3410 hos
523 3368 721 3411 tantum
739 3360 920 3424 poetas
936 3361 1186 3410 amatoria
1203 3361 1366 3423 scrip·

312 3437 528 3485 titantes
563 3435 787 3497 legebat,
819 3449 1072 3498 nunquam
1110 3449 1230 3483 vero
1252 3435 1362 3483 exi-

311 3511 443 3560 mios
477 3510 591 3558 illos
617 3508 806 3558 veteris
843 3508 1117 3559 Comoediae
1146 3524 1209 3557 sc
1244 3523 1363 3572 per·

311 3584 567 3635 sectorum
620 3583 771 3647 hujus
827 3584 1032 3648 generis
1083 3584 1362 3633 carminum

309 3660 611 3724 scriptores.
673 3659 758 3708 Sic
792 3658 1038 3709 Horatius
1077 3658 1363 3721 Hermoge-

311 3753 430 3787 nem
465 3744 522 3786 et
553 3735 874 3785 Demetrium
914 3734 1188 3797 imperitiae
1218 3740 1364 3784 notat

313 3813 509 3876 pariter
530 3817 684 3875 atque
715 3811 965 3860 luxurias:
999 3809 1225 3875 indeque
1248 3825 1364 3873 pro·

311 3887 405 3937 bat
435 3887 617 3936 Satirae
645 3900 792 3936 veras
825 3887 1085 3949 ignorasse
1108 3889 1361 3947 virtutes3

310 3972 365 4014 et
386 3964 506 4013 hinc
525 3965 638 4013 illos
657 3977 773 4014 esse
802 3965 1007 4027 ineptos
1027 3964 1363 4014 admiratores

313 4039 520 4092 Lucilii.

381 4113 601 4179 Calvum]
654 4116 772 4166 Cor.
816 4114 1045 4164 Licinius
1080 4115 1267 4164 Calvus
1311 4115 1363 4164 iu

312 4188 566 4257 poematis
602 4190 890 4240 scribendis
929 4189 1253 4254 perelegans,
1290 4188 1362 4238 iu·

1447 1558 1599 1620 genio
1619 1557 1793 1622 lepido
1812 1565 1868 1609 et
1897 1559 2121 1619 urban03
2155 1559 2345 1610 Catulli
2380 1558 2502 1622 poe·

1447 1641 1516 1683 tae
1540 1635 1731 1684 amicus
1753 1634 1869 1684 fuit.
1905 1636 2090 1685 Cicero
2111 1636 2163 1685 in
2194 1635 2362 1699 Epist.
2385 1650 2502 1684 eum

1444 1709 1640 1772 laudat,
1673 1709 1847 1774 aitque
1881 1710 2123 1759 Iambicis
2163 1710 2499 1774 praestitisset

1445 1785 1633 1848 quihus
1676 1785 1904 1835 civitatis
1935 1785 2092 1834 etiam
2123 1784 2407 1848 principes,
2442 1784 2505 1835 C.

1447 1860 1703 1910 Caesarem
1728 1868 1783 1911 et
1808 1861 2132 1922 Pompeium,
2149 1861 2399 1911 acerrime
2427 1862 2504 1910 iu·

1445 1937 1637 1985 sectari
1661 1937 1866 1986 minime
1889 1935 2166 1986 dubitavit.
2201 1936 2422 1989 Quintil.
2446 1945 2503 1986 et

1442 2009 1645 2061 Seneca
1667 2011 1880 2060 Calvum
1913 2010 2150 2059 scribunt
2178 2010 2503 2061 contendisse

1448 2097 1568 2133 cnm
1609 2085 1688 2133 Μ.
1729 2084 1894 2133 Tullio
1936 2082 2002 2132 de
2051 2085 2348 2149 principatu
2392 2086 2501 2134 elo-

1449 2158 1693 2222 quentia.
1744 2158 1891 2208 Petr.
1924 2157 2111 2208 Crinit.
2135 2158 2359 2224 Gregor.
2389 2158 2501 2223 Gy-

1450 2234 1580 2283 rald.
1604 2236 1707 2283 &c-

1515 2307 1775 2371 Catulium]
1809 2309 1869 2360 C.
1891 2309 2066 2358 Valer.
2082 2308 2317 2375 Catullus
2342 2311 2501 2360 Vero·

1446 2386 1617 2435 nensis
1654 2385 1707 2434 in
1747 2384 1876 2434 urbe
1909 2385 2100 2435 claruit
2132 2398 2234 2449 quo
2266 2392 2502 2448 tempore

1444 2459 1717 2508 Terentius
1758 2456 1958 2508 Varro:
2015 2459 2171 2508 Docti
2217 2473 2500 2521 cognomen

1446 2530 1666 2597 adeptus
1714 2540 1797 2583 est
1842 2534 2086 2597 peculiari
2139 2535 2392 2596 epitheto.
2434 2548 2499 2584 ex

1446 2610 1768 2658 eruditorum
1791 2622 2062 2658 consensu.
2106 2609 2225 2660 Val.
2242 2609 2500 2659 Martialis

1445 2684 1510 2733 ad
1530 2685 1788 2745 Macrum,
1809 2697 1864 2733 x.
1887 2688 1969 2734 78.
1992 2688 2008 2713 ‘
2033 2685 2146 2734 Nec
2170 2685 2357 2735 multos
2378 2684 2502 2735 mihi

1448 2758 1694 2823 proeferas
1713 2759 1929 2821 priores,
1947 2758 2066 2807 Uno
2081 2758 2172 2806 sed
2189 2758 2284 2808 tibi
2300 2759 2392 2807 sim
2409 2759 2501 2807 mi·

1448 2848 1543 2884 nor
1562 2834 1795 2883 Catullo!
1821 2834 2044 2896 Scripsit
2056 2833 2263 2895 Lyrica,
2277 2833 2502 2895 Elegias,

1448 2909 1849 2972 Epigrammata.
1893 2906 2297 2957 commendatur
2319 2908 2501 2957 mirum

1447 2983 1499 3031 in
1541 2981 1746 3031 modum
1782 2996 1815 3031 a
1852 2981 2045 3032 Gellio.
2106 2982 2292 3031 Crinit.
2331 2982 2397 3031 de
2435 2997 2499 3032 eo

1450 3059 1709 3121 vulgatum
1732 3065 1814 3107 est
1835 3056 2095 3107 distichon
2115 3057 2252 3107 istud
2273 3074 2288 3107 ε
2322 3060 2337 3086 ‘
2363 3059 2499 3129 Tan-

1448 3141 1559 3183 tum
1583 3148 1743 3197 parva
1759 3148 1852 3182 suo
1875 3133 2036 3183 debet
2057 3133 2265 3181 Verona
2279 3133 2500 3194 Catullo,

1446 3211 1710 3263 Quantum
1754 3223 1940 3272 magua
1978 3222 2071 3258 suo
2114 3207 2332 3258 Mantua
2382 3208 2498 3257 Vir-

1446 3287 1605 3350 gilio?

1509 3366 1576 3411 20
1608 3362 1678 3411 Ae
1715 3376 1936 3423 magnam
1961 3360 2106 3423 feeit,
2148 3354 2252 3422 ξα]
2307 3360 2392 3409 Ita
2427 3360 2499 3409 lo·

1443 3444 1672 3502 quuntur
1692 3436 1874 3486 Lucilii
1899 3434 2154 3484 fautores:
2195 3448 2323 3498 quos
2345 3433 2498 3484 refel-

1443 3512 1506 3561 lit
1530 3510 1779 3560 Horatius
1813 3510 2074 3572 deinceps.
2140 3508 2326 3558 Insulsi
2356 3509 2498 3558 uimi-

1443 3601 1555 3635 rum
1574 3586 1732 3649 palati
1747 3586 1976 3635 homiues
1999 3584 2051 3634 id
2069 3583 2351 3635 laudabant
2362 3584 2496 3648 quod

1444 3668 1526 3710 est
1549 3658 1744 3709 fatuum
1766 3666 1821 3708 et
1843 3659 1970 3709 vitio
1995 3658 2329 3720 vertendun13
2356 3673 2496 3710 nem·

1443 3752 1529 3800 pe,
1556 3743 1570 3765 ‘
1596 3737 1765 3785 verbis
1800 3737 1991 3786 Graeca
2025 3737 2219 3786 Latinis
2243 3737 2499 3788 miscere.'

1446 3812 1668 3861 Lucilius
1691 3812 1829 3875 apud
1854 3813 2018 3861 Cicer.
2041 3812 2105 3861 de
2126 3813 2294 3863 Finib.
2316 3828 2357 3862 1.
2380 3827 2429 3860 n.
2444 3816 2496 3865 9.

1442 3889 1458 3916 ⁶
1480 3889 1639 3952 χαῖρε,
1685 3889 1913 3951 inquam,
1952 3888 2068 3937 Tite
2086 3923 2128 3938 ..
2145 3921 2159 3937 .
2176 3889 2345 3951 χαῖρεξ
2393 3892 2494 3941 &c-

1441 3964 1523 4013 De
1549 3963 1717 4013 Finih.
1742 3977 1805 4013 u.
1828 3978 1879 4014 u.
1901 3967 1984 4013 24.
2002 3965 2017 3991 ‘
2044 3964 2224 4016 Laeliu'
2245 3964 2494 4013 clamores

1442 4040 1629 4103 sophos
1650 4039 1735 4087 ille
1755 4038 1957 4089 solebat
1979 4037 2184 4099 Edere,’
2203 4040 2302 4087 dcc.
2335 4036 2492 4098 Apud

1444 4114 1578 4164 Non.
1617 4115 1833 4165 Marcel.
1868 4115 1920 4163 in
1945 4127 2074 4163 voce
2104 4114 2119 4141 ‘
2142 4124 2444 4175 compernes
2462 4109 2496 4159 ι’

1442 4188 1610 4241 Lucil.
1651 4189 1763 4240 Sat.
1796 4189 1883 4241 lib.
1918 4200 2059 4241 xvn.
2095 4195 2109 4217 ‘
2137 4187 2291 4239 Nunc
2313 4200 2492 4241 censes
