2984 4867
443 390 572 468 ⁵762
1161 417 1476 466 nscaan
1518 400 1919 467 'ramum-ro
1950 402 1956 409 '

419 561 788 641 aperuisses,
817 560 1077 620 omnium
1106 558 1366 619 Deorum
1396 558 1774 638 Dearumqne
1804 558 2094 637 imagines
2122 541 2468 620 deteiis'ses.
2534 559 2629 621 Ad

421 662 574 716 'eum
602 655 843 716 modum
871 674 935 715 se
962 656 1132 715 nobis
1168 654 1408 716 exhibet
1450 654 1511 713 in
1558 653 1764 714 Satiris
1811 654 2116 725 Horatius,
2164 654 2306 713 nihil
2351 674 2631 735 magnum

437 771 561 830 proe
582 769 647 810 se
676 751 808 821 fert,
851 749 1013 828 quod
1041 770 1149 809 nos
1180 748 1441 810 detinere
1469 749 1726 809 debeat:
1771 747 2003 826 dignior
2043 747 2275 808 videtur
2321 768 2475 822 esse,
2526 750 2630 829 qui

437 846 634 924 pueris
662 855 902 915 teratur,
934 864 1109 923 quam
1140 844 1241 922 qui
1260 844 1417 905 viros
1439 853 1761 922 occupatos
1783 852 2022 903 teneat:
2052 843 2161 902 sed
2188 845 2448 922 seposito
2476 843 2632 917 velo,

439 950 501 999 et
549 940 796 1000 Horatio
844 940 1083 1019 propius
1129 939 1418 1020 inspecto,
1474 939 1733 999 omnium
1780 937 1939 998 illico
1991 937 2277 998 Divorum
2328 937 2517 999 oculis
2565 958 2631 999 se

437 1033 715 1114 ingerunt
739 1035 1046 1113 imagines,
1085 1033 1201 1093 boe
1228 1044 1340 1105 est,
1369 1052 1574 1092 omnes
1603 1033 1873 1105 virtutes,
1902 1031 1979 1093 ad
2020 1051 2169 1110 quas
2199 1032 2434 1093 assidue
2458 1052 2632 1093 exer-

422 1129 610 1189 'cendi
635 1139 796 1201 sunt,
824 1127 924 1207 qui
952 1128 1105 1187 vitiis
1134 1128 1259 1188 suis
1285 1127 1651 1206 corrigendis
1681 1127 1833 1188 serio
1864 1127 2128 1190 student.
2187 1127 2393 1188 Oculis
2421 1148 2628 1208 parum

423 1210 676 1298 'intentis
702 1225 864 1284 illum
896 1242 1176 1303 aspexere
1204 1222 1455 1283 antehac
1498 1222 1777 1283 mortales
1801 1243 1817 1292 ς
1863 1243 2054 1303 neque
2097 1242 2343 1302 possum
2370 1241 2491 1283 non
2518 1223 2627 1282 mi-

419 1320 548 1378 ·rari
575 1321 798 1379 Satiras
827 1338 932 1398 per
959 1328 1048 1378 tot
1075 1318 1298 1379 soecula
1326 1317 1534 1389 lectas,
1565 1334 1743 1397 atque
1772 1318 2042 1392 relectas,
2073 1318 2630 1397 pancis'admodum

413 1414 616 1474 ·fuisse
643 1413 995 1486 intellectas,
1023 1423 1127 1473 aut
1144 1413 1490 1492 explicatas.
1576 1413 1977 1474 substiterunt
1998 1415 2054 1472 in
2079 1414 2208 1494 ipso
2232 1414 2473 1485 cortice,
2498 1433 2630 1474 ver·

417 1508 642 1587 bisque
684 1508 1139 1588 interpretandis
1185 1510 1416 1581 intenti,
1459 1507 1606 1567 nihil
1653 1509 1808 1569 ultra
1854 1510 2070 1588 petiere
2095 1528 2111 1568 z
2170 1509 2330 1588 quod
2379 1508 2620 1588 quidem

421 1604 700 1666 ‘fecerunt
720 1613 785 1664 ut
810 1603 1225 1665 Grammaticis
1252 1623 1359 1684 par
1382 1616 1530 1677 erat,
1557 1623 1676 1665 non
1704 1614 1770 1665 ut
1796 1604 2175 1685 Philosophia
2200 1626 2215 1665 τ
2258 1605 2432 1685 plane
2453 1604 2627 1683 quasi

435 1698 769 1777 scripsisset
819 1698 1098 1759 Horatius
1140 1699 1327 1759 solum
1359 1711 1426 1760 ut
1448 1702 1753 1761 verborum
1783 1702 2309 1762 construendorum
2338 1687 2626 1760 rationem

432 1792 783 1865 videremus,
811 1795 1192 1874 dedissetque
1221 1796 1392 1855 nobis
1421 1794 1629 1855 librum
1657 1790 1820 1857 horis
1844 1798 1904 1856 in
1937 1795 2158 1856 Schola
2177 1794 2477 1867 fallendis,
2498 1813 2621 1852 non

411 1888 638 1947 ”animis
672 1888 749 1947 ad
793 1888 1064 1949 virtutem
1108 1888 1453 1950 formandis.
1535 1890 1787 1952 Prorsus
1823 1891 1986 1952 aliud
2031 1891 2140 1952 sibi
2182 1891 2243 1950 in
2287 1890 2404 1950 hoc
2447 1907 2624 1969 opere

432 1994 816 2062 proposuerat
835 1982 1043 2045 Poeta.
1128 1986 1398 2064 Namque
1427 1986 1562 2046 finis
1590 1988 1899 2048 verborum
1921 1997 2016 2048 est
2044 1988 2218 2058 actio,
2246 1986 2415 2064 cujus
2442 1984 2619 2044 etiam

421 2076 623 2152 gratia
661 2077 839 2137 verba
883 2078 1013 2159 ipsa
1060 2080 1297 2140 fuerunt
1342 2092 1594 2159 reperta,
1651 2100 1786 2159 quae
1841 2081 1955 2141 nisi
2006 2081 2170 2141 illum
2228 2090 2619 2159 assequantur

429 2172 626 2244 finem,
669 2172 813 2233 nihil
852 2175 961 2236 nisi
1005 2175 1203 2235 futiles
1244 2176 1415 2236 soni:
1459 2195 1630 2236 aures
1676 2174 1918 2255 quidem
1963 2174 2197 2245 feriunt,
2241 2173 2320 2234 ad
2359 2174 2620 2234 animum

425 2286 567 2327 vero
592 2273 713 2327 non
743 2269 1058 2348 pertinent.
1990 2288 1995 2297 '

510 2362 740 2424 Docere
770 2384 879 2424 nos
906 2365 1089 2425 voluit
1139 2364 1420 2423 Horatius
1472 2364 1531 2422 in
1573 2362 1665 2423 his
1712 2363 1938 2435 Satiris,
1982 2373 2193 2424 contra
2232 2362 2374 2423 vitia
2412 2358 2620 2421 nostra

428 2456 697 2530 militare,
736 2459 980 2522 affectus
1012 2472 1355 2540 temperare,
1403 2469 1673 2519 naturam
1703 2460 1765 2518 in
1793 2458 2213 2537 cupiditatibus
2242 2455 2615 2517 moderandis

428 2550 640 2612 ducem
669 2555 859 2632 sequi,
881 2574 1083 2616 verum
1107 2544 1154 2615 ‘a
1178 2555 1351 2625 falso,
1392 2565 1452 2614 et
1478 2574 1517 2614 a
1542 2556 1716 2615 rebus
1746 2554 1890 2632 ipsis
1918 2573 2108 2614 rerum
2137 2553 2365 2632 species
2396 2551 2619 2611 discer-

426 2664 587 2718 nere,
634 2649 1047 2727 praejudicatas
1089 2662 1303 2711 temere
1342 2651 1650 2729 opiniones
1691 2650 1964 2729 abjicere,
2005 2647 2293 2729 principia
2317 2657 2378 2706 et
2402 2665 2618 2707 causas

426 2741 721 2803 actionum
763 2755 1090 2805 nostrarum
1134 2756 1474 2827 perspectas
1521 2745 1759 2816 habere,
1799 2743 2100 2804 ridiculam
2129 2742 2385 2820 denique
2412 2759 2614 2801 eorum

423 2838 803 2915 pertinaciam
830 2842 1069 2915 evitare,
1095 2842 1219 2922 qui,
1247 2843 1460 2920 quibus
1490 2860 1528 2901 a
1556 2840 1902 2919 magistellis
1931 2839 2055 2898 suis
2098 2837 2472 2917 opinionibus
2506 2834 2616 2896 im·

419 2933 547 2991 buti
575 2933 713 2993 olim
741 2936 1000 3007 fuerunt,
1029 2937 1100 2997 iis
1129 2938 1423 2998 obstinate
1452 2936 1759 3006 inhoereut,
1807 2933 1971 2992 nulla
2000 2933 2202 2992 habita
2228 2933 2452 2992 ratione
2481 2931 2615 3010 qui-

415 3024 535 3084 -bus
565 3026 889 3090 innitantur
915 3031 1350 3092 fundamentis:
1391 3049 1514 3092 uno
1558 3030 1758 3099 verbo,
1808 3028 1870 3087 in
1921 3046 1993 3088 eo
2040 3026 2384 3099 elaboravit,
2409 3037 2477 3085 ut
2503 3044 2613 3085 nos

423 3119 593 3180 nobis
621 3121 842 3197 felices,
872 3125 1073 3185 amieis
1092 3124 1394 3204 jucundos
1424 3135 1485 3186 et
1527 3125 1755 3195 fideles,
1786 3123 2057 3183 omnibus
2087 3121 2442 3202 quibuscum
2470 3121 2612 3180 vivi-

422 3232 555 3272 mus
595 3218 957 3291 commodos,
986 3218 1181 3291 utiles,
1210 3229 1271 3278 et
1296 3219 1583 3297 benignos
1610 3229 1937 3297 prestaret.

504 3308 878 3390 Interpretari
906 3314 1180 3374 Auctoris
1210 3315 1406 3384 verba,
1451 3314 1513 3372 in
1546 3314 1794 3391 Figuras
1827 3312 2077 3393 digitum
2108 3311 2433 3383 intendere,
2465 3310 2611 3370 Lec-

407 3413 577 3465 tores
606 3426 709 3485 per
735 3408 1016 3471 orationis
1043 3409 1325 3470 involutoe
1351 3408 1737 3489 labyrinthos,
1768 3420 1872 3468 aut
1900 3407 2319 3488 parentheseos
2342 3408 2611 3466 obscure

415 3501 716 3572 tenebras,
756 3503 993 3577 ducere,
1030 3505 1159 3568 haec
1191 3505 1390 3567 omnia
1418 3505 1565 3565 nihil
1591 3504 1867 3564 eximium
1894 3502 2135 3577 habent,
2164 3520 2299 3573 nec,
2320 3511 2394 3587 ⁸ut
2419 3501 2613 3578 loqui·

419 3602 515 3652 tur
563 3595 887 3673 Epictetus,
927 3599 1244 3678 quicquam
1290 3599 1523 3681 pulchri
1572 3610 1676 3659 aut
1719 3599 1982 3678 sapiente
2013 3595 2279 3675 dignum.
2361 3592 2455 3652 Ad
2494 3595 2610 3661 hoc

416 3685 589 3746 nobis
616 3690 995 3751 annitendum
1023 3706 1148 3762 est:
1192 3692 1307 3754 hoc
1359 3711 1512 3773 opus
1539 3703 1802 3754 nostrum
1831 3705 1924 3752 est
1948 3690 2316 3770 palmarium,
2343 3707 2518 3748 usum
2544 3700 2609 3749 et

414 3782 673 3846 rationes
702 3783 908 3844 horum
938 3799 1364 3868 proeceptorum
1410 3788 1746 3862 ostendere,
1791 3786 2116 3865 eademque
2162 3783 2607 3845 auctoritatibus

414 3870 642 3949 fulcire,
671 3887 739 3936 ut
764 3879 957 3957 palam
987 3882 1259 3941 omnibus
1288 3883 1414 3954 fiat,
1463 3902 1570 3945 eos
1616 3883 1718 3963 qui
1757 3901 1950 3942 mores
1979 3900 2119 3942 suos
2149 3879 2228 3939 ad
2256 3879 2371 3938 hoe
2402 3896 2608 3957 specu-

413 3972 538 4032 lum
578 3971 929 4053 componere
953 3976 1303 4055 megligunt,
1349 3979 1516 4058 paria
1561 3978 1754 4041 facere
1802 3979 2063 4057 aegrotis,
2108 3974 2210 4056 qui
2259 3973 2461 4045 librom
2500 3974 2606 4033 ”bi

412 4066 672 4129 remedia
693 4070 911 4129 morbis
934 4072 1058 4131 suis
1085 4073 1541 4151 proesoribuntur
1566 4075 1764 4153 legere
1791 4071 2076 4145 contenti,
2104 4067 2327 4130 Medici
2352 4068 2601 4129 consilio

411 4174 643 4226 tantum
671 4167 840 4227 abest
866 4179 932 4228 ut
956 4177 1216 4243 utantur,
1243 4178 1312 4230 ut
1338 4190 1413 4231 ne
1439 4169 1778 4248 intelligant
1803 4168 2046 4247 quidem
2072 4165 2198 4244 ejus
2229 4162 2562 4224 utilitatem.

411 4272 417 4278 '
494 4259 632 4321 Non
668 4261 832 4340 quod
875 4281 989 4345 ego
1028 4265 1089 4324 in
1131 4266 1568 4329 commentariis
1613 4266 1759 4326 meis
1801 4263 2115 4343 quicquam
2158 4258 2355 4321 sciens
2393 4258 2599 4321 voleus
