2984 4867
435 390 566 457 758
1087 443 1096 451 .
1158 405 1466 455 nscnnu
1518 405 1909 455 Patr-:mmo

427 548 500 609 jn
529 546 652 605 suis
680 546 893 606 Far-ees
919 543 1213 623 hodieque
1238 545 1512 619 faciunt)
1539 543 1852 604 Attellanis
1901 552 2061 605 certe
2102 553 2477 606 mutatotum
2507 546 2626 627 pri·

425 661 599 709 ,mum
647 649 663 676 ‘
686 640 1002 701 Satirarum
1022 641 1039 667 '
1071 641 1305 701 nomine
1333 642 1392 699 in
1440 647 1457 675 ⁸
1482 638 1751 712 Exodia,’
1778 638 1940 718 quod
1972 640 2031 699 in
2059 650 2359 720 posterum
2386 640 2624 717 mansit.

427 790 440 802 ,
520 737 717 814 Atque
760 735 890 795 hoec
933 736 1045 794 fuit
1087 736 1276 815 prima
1319 748 1381 795 et
1422 735 1833 813 antiquissima
1862 736 2146 795 Romanae
2175 734 2620 795 Satira-amna.

441 833 628 891 Erant
651 829 890 909 quidem
917 830 1054 893 dum
1081 831 1234 903 alioe,
1260 848 1599 908 quanquam
1629 849 1667 890 a
1692 829 1881 908 prima
1909 828 2158 890 multum
2184 829 2624 910 discrepabant,

438 928 494 985 ei
539 937 738 987 tamen
788 926 960 1005 quasi
1008 937 1198 986 enatae
1247 924 1598 1005 suffragines
1635 935 1827 984 ortum
1858 944 2028 984 suum
2055 924 2431 991 referebann.
2460 923 2624 1002 quod

347 1074 354 1081 .
440 1039 618 1100 quam
642 1020 983 1080 brevissime
1010 1030 1236 1100 potero,
1254 1020 1381 1099 jam
1404 1018 1815 1080 confirmatum
1842 1018 2017 1079 dabo.

523 1115 655 1175 Uno
673 1133 832 1175 anno
860 1124 1172 1194 postquam
1196 1115 1392 1174 Livius
1420 1114 1639 1193 primas
1667 1114 1933 1175 dedisset
1958 1114 2210 1187 fabulas,
2239 1124 2417 1175 natus
2443 1124 2538 1176 est
2562 1117 2625 1175 in

427 1210 616 1270 ¹Italia
643 1209 906 1270 Ennius:
950 1211 1051 1287 qui
1098 1230 1231 1270 cum
1274 1210 1654 1281 adolevisset,
1701 1221 1766 1270 et
1805 1210 2142 1289 diligentius
2167 1210 2628 1283 considerasset,

438 1315 801 1385 quantopere
828 1304 1164 1384 hujusmodi
1191 1305 1395 1365 Satiris
1422 1305 1808 1366 delectaretur
1835 1304 2112 1383 populus,
2154 1314 2398 1366 recte·et
2434 1305 2497 1365 id
2535 1306 2625 1367 vi·

421 1401 549 1472 -dit,
590 1399 895 1471 Poiimata,
926 1419 1060 1479 quoe
1100 1399 1242 1462 licet
1280 1400 1536 1460 Theatro
1563 1418 1682 1459 non
1711 1399 2164 1473 destinarentur,
2205 1399 2464 1461 suffusos
2486 1399 2625 1461 felle

440 1494 595 1556 sales
643 1505 704 1555 et
752 1495 996 1556 dicteria
1043 1497 1366 1556 Satirarum
1413 1494 1713 1555 mordacia
1767 1505 2186 1555 conservarent
2227 1506 2447 1568 tamen,
2503 1515 2625 1555 non

429 1609 614 1669 ‚posse
643 1608 761 1649 non
789 1590 1022 1670 placere
1046 1590 1306 1670 populo;
1352 1589 1676 1669 periculum
1720 1590 1864 1649 fecit
1906 1600 2082 1668 atque
2119 1590 2308 1651 edidit
2350 1592 2626 1652 ‘Sermo-

438 1685 588 1759 nes,'
627 1704 780 1763 quos
821 1693 837 1720 ‘
863 1686 1085 1744 Satin-as
1106 1685 1122 1710 ⁹
1164 1695 1393 1744 servato
1441 1684 1686 1762 antiquo
1736 1683 1973 1744 nomine
2017 1683 2354 1763 appellavit.
2437 1685 2625 1745 Erant

437 1782 498 1843 hi
525 1783 838 1843 Sermones
868 1780 1228 1852 Horatianis,
1250 1778 1409 1859 quod
1437 1779 1514 1839 ad
1532 1790 1944 1858 argumentum
1964 1794 2025 1838 et
2044 1779 2383 1840 varietatem
2403 1799 2617 1853 rerum,

438 1897 541 1957 per
568 1878 766 1938 omnia
810 1876 1067 1936 similes:
1110 1885 1380 1956 excepto,
1424 1874 1586 1954 quod
1632 1874 1857 1934 Ennius
1882 1873 1959 1934 ad
1985 1873 2352 1953 quorundam
2382 1876 2627 1937 Groeco-

437 1992 586 2043 rum,
631 1972 816 2051 ipsius
862 1972 1037 2031 etiam
1080 1971 1320 2031 Homeri
1369 1970 1722 2049 exemplum,
1766 1970 1830 2029 id
1875 1969 1985 2028 sibi
2019 1970 2170 2048 juris
2214 1964 2508 2044 sumserit,
2557 1982 2626 2031 ut

436 2067 608 2148 plura
630 2066 973 2126 Carminum
1001 2085 1239 2144 genera,
1267 2065 1533 2126 confusis
1565 2065 1957 2136 Hexametris,
1985 2064 2281 2138 Iambicis,
2301 2065 2625 2140 Trimetris,

438 2172 498 2222 et
525 2160 900 2221 Tetrametris
929 2159 1268 2223 Trochaicis
1294 2161 1721 2231 commisceret,
1768 2170 1836 2218 ut
1860 2179 1935 2219 ex
1964 2159 2332 2240 Fragmentis
2359 2180 2505 2239 quoe»
2522 2181 2625 2222 su·

438 2267 704 2336 persunt,
734 2257 879 2317 satis
908 2256 1114 2335 liquet.

521 2351 751 2412 Videtis
778 2352 1270 2412 Tetrametrorum
1300 2351 1632 2429 exemplum
1664 2352 1739 2410 ab
1766 2350 1921 2410 Aulo
1954 2348 2149 2411 Gellio
2188 2362 2623 2424 conservatum,

439 2448 681 2527 dignum
708 2466 874 2520 sane,
900 2447 1060 2526 quod
1089 2448 1166 2506 ob
1191 2446 1461 2506 eximiam
1487 2446 1983 2524 pulchritudinem
2008 2445 2103 2505 hic
2129 2458 2443 2526 reponatur
2467 2466 2483 2506 ε

683 2560 818 2618 Hoc
838 2559 949 2619 erit
972 2559 1074 2617 tibi
1100 2568 1510 2637 argumentum
1536 2578 1766 2638 semper
1788 2558 1847 2618 in
1875 2565 2107 2639 promtu
2132 2557 2328 2629 situm,

679 2651 916 2731 Nequid
941 2663 1218 2731 expectes
1247 2654 1488 2726 amicos,
1518 2653 1680 2733 quod
1709 2664 1834 2714 tute
1864 2671 2037 2731 agere
2065 2652 2281 2730 possis.

417 2806 426 2817 =
519 2762 1037 2825 An'numeraverim
1078 2783 1253 2848 porro
1284 2766 1458 2826 Ennii
1486 2766 1696 2827 Satiris
1724 2765 1965 2825 alteram
1991 2763 2152 2823 illam
2181 2763 2434 2843 speciem
2463 2763 2615 2824 Ver·

423 2881 632 2933 suum,
679 2861 780 2940 qui
821 2880 893 2920 ea
937 2871 1079 2921 sunt
1104 2870 1435 2934 venustate,
1462 2859 1880 2940 eaelegantia,
1906 2870 1972 2918 ut
1998 2858 2279 2919 saeculum
2307 2858 2487 2938 longe
2515 2878 2618 2917 su-

439 2975 644 3041 perare
680 2955 1006 3017 videantur.
1088 2956 1236 3016 Rem
1278 2974 1397 3017 non
1437 2957 1729 3031 ingratam
1776 2954 1992 3026 fecero,
2033 2953 2083 3013 si
2127 2953 2389 3014 Lector-is
2432 2952 2624 3013 oculis

437 3050 776 3129 subjecero:

682 3145 819 3204 Non
846 3144 1038 3203 habeo
1064 3142 1318 3222 denique
1346 3146 1521 3204 nauci
1550 3145 1816 3205 Marsum
1844 3145 2165 3223 Augurem,

683 3239 818 3299 Non
846 3240 1087 3299 vicanos
1115 3239 1457 3318 Aruspices,
1482 3260 1601 3300 non
1629 3239 1705 3300 de
1734 3241 1909 3301 Circo
1937 3239 2311 3318 Astrologos,

682 3335 820 3395 Non
848 3334 1068 3395 Isiacos
1097 3333 1498 3414 conjectores,
1526 3354 1643 3395 non
1672 3335 2027 3414 Interpretes
2053 3333 2342 3394 somnium
2371 3352 2389 3392 τ

679 3430 817 3491 Νοιι
842 3430 996 3491 enim
1023 3438 1161 3489 sunt
1186 3429 1245 3501 ii,
1274 3439 1378 3491 aut
1396 3429 1665 3501 scientia,
1692 3439 1796 3489 aut
1822 3437 1945 3488 arte
1972 3428 2212 3495 Diviniz

677 3525 799 3584 Sed
829 3524 1219 3604 superstitiosi
1242 3536 1426 3596 vates,
1452 3523 1941 3603 impudentesque
1966 3522 2198 3595 harioli,

680 3619 805 3679 Aut
823 3619 1064 3691 inertes,
1083 3630 1188 3685 aut
1213 3619 1429 3691 insani,
1455 3630 1557 3679 aut
1583 3619 1795 3697 quibus
1824 3627 2060 3697 egestas
2086 3618 2372 3698 imperat:

679 3712 797 3780 Qui
826 3712 917 3771 sui
946 3724 1211 3791 quaestus
1239 3731 1422 3773 causa
1446 3714 1616 3773 fictas
1646 3715 1937 3773 suscitant
1963 3712 2306 3784 sententias,

678 3806 795 3874 Qui
821 3806 933 3866 sibi
961 3807 1225 3867 semitam
1253 3826 1370 3868 non
1402 3807 1661 3886 sapiunt,
1690 3807 1855 3868 alteri
1881 3817 2212 3867 monstrant
2239 3806 2413 3878 viam,

672 3901 902 3969 Quibus
931 3900 1167 3961 divitias
1191 3900 1562 3979 pollicentur,
1584 3903 1659 3961 ab
1689 3901 1757 3962 iis
1786 3900 2123 3961 drachmam
2153 3910 2399 3981 petunt;
2486 3930 2495 3936 ·

676 3997 772 4058 De
797 3996 1012 4057 divitiis
1039 3995 1337 4057 deducant
1362 3995 1723 4070 drachmam,
1744 3996 1997 4057 reddant
2022 3996 2278 4055 coetera!

517 4092 778 4153 Plurima
820 4110 894 4152 ex
936 4090 1031 4151 his
1080 4090 1288 4152 Satiris
1336 4091 1627 4154 desumsit
1666 4091 1972 4167 Horatius,
1998 4102 2068 4152 ut
2093 4089 2465 4153 manifestum
2504 4089 2616 4150 erit

436 4185 626 4250 Notas
651 4198 886 4251 nostras
911 4187 1262 4249 consulenti.
