2984 4867
657 836 664 843 ,
794 809 892 884 v,
967 807 1123 886 οι.
1216 809 1559 889 ANDR.
1647 752 2115 894 momen

973 1038 980 1045 ’
1055 1059 1849 1184 ,ΡΒῘΕΡΑΤΙΟ

1412 1311 1485 1351 11⁴¹

884 1495 1351 1573 HORATI
1369 1496 1404 1568 1
1443 1502 1450 1507 ’
1483 1493 2022 1571 SAT1RAS.

577 1984 583 1991 ·
631 1973 715 2013 na
758 1969 1054 2015 onena
1098 1972 1177 2013 ει·
1224 1971 1604 2014 raoonessu
1647 1972 1901 2025 saxum
1947 1956 2260 2026 κοκᾼισιὲ,

855 2068 935 2109 rr
977 2067 1146 2114 Quas
1192 2066 1621 2108 nura-nonas
1666 2065 2003 2108 sumnam.
2276 2050 2283 2059 '

361 2163 676 2237 Honarn
708 2167 932 2228 Satires
961 2167 1195 2229 duobus
1226 2166 1412 2227 Libris
1440 2165 1923 2245 comprehensas,
1952 2186 2111 2228 nunc
2140 2175 2158 2203 ‘
2183 2167 2539 2241 Sermones,’

357 2280 517 2322 nunc
536 2271 556 2298 ⁸
574 2263 840 2336 Satiras,’
856 2263 1021 2324 nullo
1042 2262 1400 2336 discrimine,
1417 2262 1738 2341 appellavit
1749 2264 1904 2342 ipse:
1930 2282 2128 2323 verum
2147 2282 2281 2323 cum
2302 2269 2318 2298 ‘
2339 2263 2512 2323 Ideas
2528 2263 2543 2289 ³

355 2354 550 2415 modis
578 2355 932 2437 quibusdam
959 2356 1271 2418 distinctas
1300 2355 1497 2416 animo
1524 2365 1947 2434 reproesentent
1968 2376 2041 2416 ea
2060 2357 2371 2429 vocabula,
2396 2374 2543 2435 ope·

355 2452 712 2531 rue-pretium
738 2453 1002 2517 facturus
1029 2453 1250 2523 videor,
1280 2452 1352 2524 si,
1378 2450 1523 2530 quid
1551 2451 1778 2531 antiqui
1807 2451 2061 2512 Romani
2090 2471 2194 2531 per
2222 2458 2243 2487 ‘
2260 2451 2542 2512 Satiram’

356 2544 770 2620 intellexerint,
812 2565 1121 2626 exponam.
1207 2546 1439 2607 Primus
1485 2545 1862 2607 doctissimus
1908 2546 2320 2621 Casaubonus,
2362 2555 2542 2625 atque

356 2638 510 2700 adeo
539 2639 700 2700 solus
731 2639 793 2698 in
821 2659 894 2700 eo
920 2640 1165 2703 feliciter
1190 2659 1426 2719 operam
1453 2641 1672 2718 posuit,
1713 2651 1781 2702 ut
1826 2640 2258 2705 demonstraret
2303 2661 2437 2720 quoe
2481 2651 2544 2700 et

361 2735 749 2813 qualis·esset
776 2734 984 2796 Poiisis
1012 2734 1265 2796 Satirica
1293 2735 1661 2807 Graecorum,
1704 2753 1840 2814 quse
1879 2737 2076 2795 Satira
2121 2737 2555 2796 Romanorum·

359 2833 469 2891 Est
494 2829 593 2891 ille
616 2830 762 2891 liber
788 2830 1084 2908 quantivis
1113 2829 1320 2908 pretii:
1365 2847 1473 2890 nec
1503 2829 1756 2890 diffiteor
1782 2849 1873 2891 me
1916 2831 2052 2890 inde
2092 2830 2402 2908 plurimum
2432 2829 2539 2888 ad-

345 2927 542 3006 jutum
569 2925 776 2986 fuisse.

438 3021 555 3082 Hic
596 3022 753 3080 enim
800 3029 894 3081 est
933 3021 1181 3093 fructus,
1221 3038 1396 3099 quem
1425 3039 1499 3079 ex
1527 3018 1937 3081 excellentium
1963 3021 2215 3081 virorum
2244 3017 2540 3081 laboribus

354 3117 654 3198 percipere
683 3116 966 3176 debemus
985 3136 1010 3175 ε
1044 3117 1146 3195 qui
1171 3114 1308 3176 ideo
1333 3117 1502 3176 nobis
1527 3115 1902 3194 praeiverunt,
1944 3123 2012 3175 ut
2054 3114 2117 3173 in
2155 3114 2362 3194 spissis
2387 3114 2540 3175 anti·

357 3210 597 3292 quitatis
626 3212 880 3271 tenebris
908 3212 1096 3273 facem
1125 3195 1605 3272 'succedentibus
1646 3210 2006 3290 proeserrent.
2072 3211 2223 3270 Non
2255 3222 2452 3270 tamen
2478 3211 2538 3269 in

357 3304 685 3384 superiores
709 3306 796 3365 ita
822 3304 977 3366 oculi
1021 3305 1341 3385 deligendi,
1384 3316 1453 3364 ut
1490 3303 1737 3384 propriis
1764 3305 1940 3366 etiam
1971 3303 2275 3384 gressibus
2303 3321 2420 3363 non
2450 3313 2543 3363 at·

355 3398 708 3460 tendamusz
751 3418 856 3479 per
894 3400 1029 3461 illas
1071 3402 1228 3461 enim
1263 3400 1548 3461 incedunt
1574 3398 1893 3477 aliquando
1921 3397 2184 3469 semitas;
2224 3397 2283 3455 in
2327 3395 2540 3476 quibus

357 3513 479 3555 non
507 3505 697 3555 tutum
726 3496 806 3556 sit
827 3516 934 3561 eos
964 3496 1167 3576 sequi:
1197 3496 1257 3555 id
1286 3495 1449 3574 quod
1476 3505 1539 3555 et
1564 3513 1677 3574 ego
1701 3493 1798 3553 hic
1822 3494 1972 3566 cavi,
1996 3510 2155 3572 sepe
2183 3492 2305 3552 vias
2334 3510 2541 3570 parum

358 3590 524 3651 tritas
555 3599 819 3665 secutus,
846 3600 913 3651 ut
936 3590 997 3650 in
1027 3609 1339 3670 progressu
1364 3590 1610 3671 patebit.

439 3685 552 3746 Est
573 3696 769 3746 autem
798 3685 991 3751 Satira
1016 3684 1290 3765 quaedam
1321 3684 1582 3745 Poiiseos
1606 3680 1838 3762 species
1865 3680 1998 3742 aliis
2036 3699 2215 3761 quam
2258 3681 2541 3743 Romanis

355 3798 596 3860 prorsus
635 3779 1111 3858 incognitasnec
1153 3778 1279 3839 ulla
1318 3797 1455 3840 cum
1483 3778 1734 3839 Satiriea
1760 3774 2102 3837 Groe'corum
2131 3776 2294 3855 poesi
2318 3795 2542 3857 cogna-

355 3875 516 3935 tione
566 3874 906 3954 conjuncta,
963 3894 1100 3953 quae
1148 3883 1342 3934 tamen
1389 3872 1757 3951 quorundam
1806 3871 2113 3934 doctorum
2166 3870 2366 3950 opinio
2410 3872 2539 3933 fuit.

360 3966 757 4041 Quintilianus
787 3988 1021 4029 omnem
1047 3966 1471 4027 dubitationem
1500 3965 1671 4041 tollit,
1711 3986 1845 4028 cum
1874 3965 2076 4027 scribit
2105 3984 2153 4024 1.
2188 3965 2285 4024 10.
2314 3971 2332 3999 ‘
2350 3964 2542 4024 Satira

359 4062 598 4141 quidem
626 4072 753 4124 tota
778 4073 986 4125 nostra
1003 4063 1141 4126 est!
1225 4061 1372 4123 Inde
1416 4071 1513 4122 est
1559 4062 1723 4143 quod
1763 4062 2043 4124 Horatius
2076 4080 2123 4120 ι.
2151 4058 2280 4121 Sat.
2314 4060 2406 4120 10.
2436 4060 2539 4135 662

359 4163 377 4195 ⁴
411 4157 638 4220 Groecis
666 4160 953 4221 intactum
978 4174 1213 4222 carmen
1234 4161 1248 4182 ’
1277 4159 1524 4220 dixerat.
