2984 4867
1123 423 1406 471 tropon
1457 423 1703 471 unna.
2368 405 2501 469 645

653 561 834 640 Quid
857 582 1009 640 nos,
1040 565 1280 646 quibus
1309 573 1378 628 te
1408 565 1555 630 vita
1574 567 1635 629 si
1663 566 2008 648 superstite
2455 558 2502 626 5

740 662 787 728 J
789 664 1090 743 ucunda3
1136 667 1196 729 si
1228 671 1479 743 contra,
1506 666 1734 747 gravis
1753 668 1783 728 ‘l

301 811 441 855 vente
483 813 532 856 te
574 814 721 869 grata
758 809 952 868 furit,-
998 811 1043 859 si
1103 825 1252 873 tectu,
1302 808 1535 861 molesto?
1621 814 1701 862 An
1755 829 1816 862 ea:
1864 812 2101 861 nudatis
2141 812 2238 861 otio
2273 812 2500 882 fusam

1221 934 1336 955 ‘N‘
1344 934 1581 957 ‘OM‘OO

302 1017 387 1059 tuo
423 1013 624 1075 siguum
662 1015 1010 1077 interrogandi
1053 1017 1196 1079 ponit
1223 1016 1494 1067 Bentl.—5
1532 1018 1728 1067 Omnes
1751 1016 1907 1067 codd.
1929 1018 2164 1081 Crnqnii,
2202 1032 2333 1067 unus
2369 1019 2498 1069 Tor·
2547 1066 2559 1081 ,

303 1077 481 1137 rentii,
498 1077 648 1126 Harl.
669 1083 717 1127 Δ.
739 1085 794 1127 et
816 1079 1079 1143 plen-eque
1100 1080 1221 1130 edd.
1251 1089 1366 1144 post
1387 1083 1601 1131 Venett.
1629 1084 1768 1129 1477.
1791 1085 1934 1130 1478.
1956 1085 2102 1131 1479.
2139 1081 2315 1131 Lamb.
2338 1083 2441 1132 Cru
2480 1119 2496 1134 .

300 1140 540 1213 Torreat.
562 1141 750 1191 Heius.
770 1142 953 1207 Stepb.
982 1144 1149 1193 Bond.
1170 1145 1436 1194 Sehrevel.
1473 1145 1662 1209 Delpb.
1692 1143 1882 1195 Sanad.
1905 1145 2134 1200 Francis.
2165 1147 2392 1206 Towers,
2426 1162 2457 1195 ι
2480 1180 2496 1196 .

304 1208 373 1251 a!
600 1203 611 1216 ⁶
634 1220 660 1253 e
675 1221 695 1262 ,-
733 1205 884 1254 Harl.
905 1211 949 1256 1.
972 1210 1021 1255 2.
1045 1210 1094 1255 ⁸.
1115 1213 1164 1255 ⁶.
1196 1208 1422 1257 Bentleii
1448 1208 1627 1258 Graev.
1649 1207 1846 1257 Battel.
1868 1208 2101 1257 Gaiiens.
2127 1208 2274 1258 Leid.
2299 1217 2353 1257 et
2377 1224 2405 1257 a
2432 1225 2500 1262 m.

302 1280 386 1328 pr.
414 1266 542 1329 Reg.
568 1269 682 1317 Soc.
737 1267 1091 1318 Gandavensis
1115 1271 1323 1333 optimu
1347 1279 1483 1320 notae
1509 1287 1594 1335 ap.
1616 1272 1855 1320 Torrent.
1882 1273 2009 1321 Exc-
2029 1271 2152 1320 sax.
2176 1273 2299 1321 Vet.
2321 1273 2495 1323 Schol.

306 1329 538 1379 Florent.
573 1334 717 1381 1⁴82.
752 1332 967 1382 bochor.
1005 1348 1180 1382 omnes
1219 1335 1536 1392 Mancinelli‚
1574 1335 1745 1383 Bentl.
1783 1334 1995 1397 Bipont.
2031 1335 2241 1384 Mitseb.
2278 1336 2496 1388 Wetzel.

303 1392 516 1443 Wakef.
535 1404 587 1443 et
612 1394 771 1444 Kidd.
793 1398 839 1445 si
857 1399 1128 1459 superstite.
1193 1397 1339 1447 Idem
1364 1413 1428 1447 ex
1451 1399 1553 1446 suis
1579 1399 1906 1461 protulerunt
1930 1398 2265 1457 Pulmannus‚
2281 1405 2337 1447 et
2368 1400 2499 1449 Bar·

301 1457 443 1506 thius
470 1458 524 1506 in
545 1457 764 1509 Advers.
789 1472 1010 1510 xxxvn.
1033 1465 1115 1510 15.
1146 1462 1190 1508 si
1219 1461 1371 1510 deest
1394 1462 1446 1510 in
1478 1463 1719 1511 Petrens.
1750 1461 1983 1520 Magdal.
2005 1469 2058 1509 et
2083 1461 2233 1510 Bodl.
2252 1461 2499 1521 Bentleii,

304 1527 361 1568 et
384 1520 469 1571 ed.
491 1521 710 1572 Cbabot.
775 1523 911 1572 ‘Sed
943 1523 1247 1587 exquisitius
1278 1531 1361 1574 est
1396 1525 1463 1584 si,
1502 1534 1579 1573 tot
1618 1524 1867 1573 librorum
1906 1524 2214 1585 scriptorum
2249 1538 2500 1576 consensu

303 1585 714 1648 comprobatum,
736 1587 808 1635 ita
829 1594 885 1636 ut
908 1587 1060 1650 plena
1082 1589 1248 1638 oratio
1271 1586 1547 1650 efficiatur,
1568 1587 1734 1651 quibas
1767 1588 1870 1636 tito
1912 1594 1984 1636 est
2003 1590 2234 1649 jucunda,
2270 1590 2314 1637 si
2334 1593 2419 1653 sit,
2449 1595 2498 1639 te

1293 1715 1505 1765 NOTAE

300 1806 390 1862 sis,
413 1805 683 1870 naufragio
721 1808 842 1858 belli
883 1809 1042 1869 facto,
1086 1817 1198 1861 toto
1231 1812 1361 1860 mari

1442 1812 1793 1877 Cleopatram,
1833 1815 1899 1863 ad
1940 1813 2148 1863 Actium
2194 1814 2337 1876 Epiri
2379 1829 2497 1878 pro-

304 1879 604 1945 ferebatur‚'
622 1886 720 1931 &m
757 1884 1064 1934 Plutarchus
1086 1887 1140 1934 in
1165 1886 1358 1934 Anton.

1443 1890 1770 1937 montorium.
1802 1888 1934 1937 Vide
1946 1887 2081 1951 apud
2095 1888 2280 1951 virgil.
2295 1888 2497 1939 AEneid.

303 1958 542 2008 similiter
565 1958 748 2016 refert,
767 1961 987 2010 Caesaris
1010 1976 1167 2010 naves
1193 1962 1361 2010 Brun-

303 2034 439 2084 dusii
461 2043 517 2085 et
539 2037 752 2086 Tarenti
769 2036 1062 2087 ‘fabricatas
1087 2037 1151 2085 ad
1173 2037 1357 2086 eeleri-

303 2118 484 2172 tatetn,
501 2125 602 2160 uon
622 2113 686 2161 ad
710 2112 907 2161 roboris
923 2114 1354 2172 nominationum

303 2187 628 2237 Antonianas
676 2196 856 2236 contra
906 2188 1086 2251 ligneis
1131 2188 1356 2238 turribus

304 2262 556 2324 excelsas,
589 2277 620 2312 e
662 2264 845 2326 quibus
884 2263 934 2311 in
974 2264 1172 2313 hostem
1218 2271 1360 2313 eata·

304 2341 472 2404 pultas
503 2343 844 2392 emittebant.
911 2344 1044 2393 Plin.
1079 2357 1270 2393 xxxn.
1311 2347 1357 2392 1.

300 2418 317 2444 ‘
344 2417 580 2466 Armate
616 2419 808 2467 classes
844 2418 1109 2480 imponunt
1133 2418 1230 2468 sibi
1256 2426 1362 2468 tnr-

307 2491 435 2539 rium
460 2493 859 2555 propugnacula,
902 2500 961 2542 ut
996 2494 1046 2541 in
1078 2494 1206 2542 mari
1241 2508 1363 2557 quo-

305 2579 406 2629 que
451 2574 714 2629 pugnetur
763 2567 902 2616 velut
943 2581 972 2615 e
1009 2568 1187 2617 muris.
1243 2568 1365 2617 Heu

304 2642 506 2691 vanitas
550 2642 764 2690 bumana
792 2677 806 2690 .
830 2676 843 2690 .
862 2676 875 2690 .
893 2674 906 2688 .
933 2643 1116 2691 Fertur
1146 2642 1370 2692 Actiaco

305 2716 480 2766 Marte
504 2712 730 2766 tenuisse
754 2717 1047 2779 pretorium
1068 2718 1237 2766 navim
1259 2715 1363 2765 An·

305 2793 430 2841 tonii
475 2792 752 2855 pisciculus
778 2825 952 2840 .....
976 2791 1206 2854 Ideoque
1247 2792 1363 2841 Ca·-

304 2868 511 2916 sariana
533 2866 706 2916 classis
742 2867 937 2927 impetu
974 2865 1168 2928 majore
1204 2866 1363 2928 proti·

306 2958 399 2992 nus
424 2941 605 2991 venit!
657 2941 791 2991 Vide
816 2941 1005 3005 Veget.
1031 2944 1202 2989 unu.
1245 2956 1365 2989 uec·

306 3032 408 3067 non
451 3017 667 3065 Dionem
714 3017 968 3077 Nicaeum,
1019 3016 1126 3063 sive
1170 3015 1361 3066 Joann.

308 3093 628 3157 Xipbiliuum
654 3092 704 3139 in
737 3091 987 3154 Augusto,
1024 3090 1108 3139 ubi
1147 3092 1365 3141 scribit:

305 3167 642 3227 ‘Pugnatum
689 3174 769 3215 est
818 3166 953 3228 apud
997 3167 1221 3227 Actium,
1276 3166 1365 3216 nbi

307 3257 443 3291 niune
479 3243 744 3305 Nicopolis
783 3273 795 3287 .
824 3275 837 3290 .
860 3274 875 3289 .
900 3274 913 3287 .
937 3243 1111 3291 Naves
1152 3242 1365 3291 Antonii

307 3326 457 3368 erant
481 3317 692 3366 navibus
716 3317 935 3365 bostium
959 3317 1110 3379 longe
1129 3318 1368 3379 majores,

307 3394 594 3444 deciremes
640 3394 930 3456 complures
933 3425 1133 3444 ......
1175 3393 1238 3440 In
1282 3393 1363 3441 his

306 3470 577 3519 altissimas
590 3476 757 3516 turres
769 3466 1033 3528 edificari,
1054 3475 1209 3531 atque
1227 3482 1364 3529 mag·

307 3558 426 3593 num
465 3556 732 3592 numerum
778 3541 1035 3589 bominum
1075 3540 1266 3603 imponi
1312 3543 1365 3590 in

309 3619 536 3668 turribus
568 3618 791 3681 jusserat
832 3650 846 3666 .
884 3651 897 3665 .
929 3651 941 3664 .
981 3616 1061 3664 De
1099 3616 1366 3678 superiore

310 3696 423 3744 ioco
466 3694 641 3743 hostes
683 3690 1008 3741 oburuebant
1046 3697 1197 3753 atque
1242 3690 1361 3740 sub-

309 3769 616 3834 mergebant
648 3766 905 3830 iapidibus
938 3765 1149 3830 aliisque
1174 3767 1365 3816 machi-

312 3844 426 3905 nis‚'
446 3847 547 3893 &m

372 3925 402 3970 8
438 3919 650 3969 Paratus
691 3931 823 3966 omne
864 3916 1068 3965 Coesaris
1105 3918 1365 3980 periculam

316 3994 508 4059 Sabin-e]
541 3995 704 4043 'reste
744 3990 1006 4055 Appiano,
1040 3998 1245 4040 secutus
1285 3998 1365 4041 est

313 4073 599 4134 Augustum
625 4069 885 4116 Maecenas
922 4080 1036 4115 cum
1068 4067 1145 4114 Μ.
1170 4065 1361 4129 Agrip-

315 4161 396 4210 pa,
429 4146 480 4194 in
511 4143 741 4193 Siciliam
776 4139 1023 4190 adversus
1045 4141 1189 4189 Sext.
1213 4140 1368 4190 Pom·

317 4221 516 4289 peilam:
551 4219 873 4269 itemcontra
895 4214 1272 4266 lli-Antonium
1311 4220 1369 4266 et

1442 1976 1568 2012 vm.
1594 1966 1881 2027 praesertim
1913 1979 1943 2013 a
1977 1979 2128 2012 versu
2151 1968 2265 2014 675.
2293 1964 2355 2012 ad
2379 1969 2497 2016 69⁵.

1441 2036 1673 2087 Actiaco
1697 2038 1926 2087 victoriae
1946 2039 2346 2101 descriptionem
2368 2055 2382 2088 ι
2409 2039 2496 2089 ubi

1441 2111 1655 2174 egregia
1696 2112 1947 2176 Agrippa
1987 2113 2193 2176 quidem
2232 2113 2495 2163 laudatio:

1444 2192 1501 2234 at
1544 2187 1726 2236 mirum
1767 2186 1903 2250 quod
1949 2186 2140 2236 ibidem
2189 2187 2495 2238 Maecenatis

1438 2261 1581 2309 nulla
1603 2262 1815 2311 mentio.
1850 2262 2037 2310 Contra
2057 2262 2354 2325 xiphilinus
2377 2276 2497 2313 mox

1441 2336 1631 2385 citatus
1664 2335 1881 2384 alterum
1917 2336 1985 2385 ab
2030 2338 2194 2385 altero
2218 2351 2319 2386 non
2347 2351 2497 2400 sepa-

1444 2421 1542 2472 rat,
1573 2412 1645 2460 ita
1676 2411 1942 2461 scribens:
1975 2413 1992 2440 ‘
2020 2411 2196 2460 Caesar
2229 2426 2290 2460 eo
2315 2412 2500 2473 praeno

1445 2486 1613 2536 navali
1631 2487 1882 2550 superior.
1901 2521 1913 2535 .
1944 2522 1955 2535 .
1984 2521 1996 2533 .
2022 2518 2036 2533 .
2054 2518 2067 2533 .
2103 2486 2335 2550 Agrippa
2356 2486 2408 2534 in
2433 2500 2498 2535 eo

1443 2560 1579 2610 bello
1614 2561 1808 2609 Caessri
1834 2575 2019 2625 magno
2061 2562 2173 2609 usui
2191 2559 2305 2611 fuit.
2361 2562 2497 2611 Nam

1442 2644 1498 2686 et
1523 2634 1734 2685 Antonii
1756 2635 2002 2699 quasdam
2024 2636 2179 2686 urbes
2213 2638 2420 2695 evertit.
2444 2638 2499 2686 in

1440 2712 1625 2776 quibus
1646 2710 1873 2760 babebat
1891 2711 2105 2760 bellicos
2121 2718 2423 2776 apparatus,
2440 2721 2496 2762 et

1440 2787 1555 2849 ejus
1589 2785 1913 2834 adversarios
1944 2786 2125 2835 crebro
2166 2787 2305 2845 vicit.
2351 2789 2495 2839 Quas

1443 2860 1511 2910 ob
1535 2875 1616 2910 res
1634 2862 1681 2909 ei
1703 2868 1858 2924 atque
1891 2860 2168 2910 Maeenati
2195 2869 2386 2910 tantam
2406 2876 2496 2925 po·

1443 2941 1683 2984 testatem
1728 2933 1917 2982 detulit
1941 2934 2113 2983 Coesar
2140 2935 2193 2983 in
2218 2934 2370 2984 rebus
2393 2950 2499 2985 orn·

1444 3009 1612 3072 nibus,
1647 3015 1703 3057 ut
1740 3009 1911 3056 literas
1955 3024 2295 3074 quascumque
2317 3010 2381 3059 ad
2402 3011 2495 3060 Se-

1444 3091 1621 3132 natum
1656 3084 1739 3131 vel
1775 3083 1902 3131 alios
1942 3085 2195 3144 mitteret,
2232 3085 2331 3148 ipsi
2356 3086 2498 3148 prins

1443 3159 1620 3220 legere
1645 3166 1879 3221 possent,
1901 3168 1955 3206 et
1978 3173 2043 3207 ex
2067 3159 2141 3206 eis
2164 3175 2279 3224 qua:
2304 3160 2499 3211 vellent

1444 3234 1747 3284 immutare:
1781 3234 1931 3296 cujus
1965 3234 2038 3281 rei
2072 3248 2228 3283 cansa
2256 3237 2497 3284 annulum
2593 3279 2597 3282 ,

1444 3308 1510 3358 ab
1544 3323 1605 3357 eo
1626 3316 1958 3372 acceperant,
1992 3323 2093 3373 quo
2127 3310 2300 3357 literas
2323 3309 2499 3372 obsig-

1442 3384 1664 3434 narent-⁹
1695 3385 1763 3433 Et
1789 3392 2002 3448 postea:
2028 3390 2043 3413 ⁸
2068 3384 2134 3434 de
2164 3386 2387 3448 Imperio
2411 3385 2499 3434 de-

1443 3461 1679 3526 ponendo
1723 3460 1903 3510 Caesar
1946 3458 2374 3510 deliberationem
2407 3461 2499 3511 ba-

1443 3535 1559 3584 buit
1581 3549 1696 3583 cum
1718 3532 1953 3597 Agrippa
1970 3542 2026 3583 et
2048 3534 2359 3597 Maecenate,
2379 3550 2499 3586 cum

1443 3610 1628 3677 quibus
1661 3608 2073 3659 communicabat
2110 3609 2281 3658 omnia
2312 3624 2500 3661 areana

1443 3686 1674 3736 consilia.
1727 3685 1807 3734 Ex
1831 3684 1907 3733 bis
1942 3683 2173 3748 Agrippa
2194 3685 2500 3735 consulebat

1437 3761 1636 3824 justins
1679 3794 1693 3809 .
1719 3795 1735 3810 .
1760 3791 1773 3805 .
1797 3792 1810 3809 .
1842 3793 1858 3808 .
1892 3793 1905 3807 .
1947 3759 2209 3808 Macenas
2252 3760 2499 3822 majorem

1444 3835 1684 3885 utilitatis
1721 3833 1944 3883 babebat
1987 3834 2238 3882 rationem
2263 3867 2499 3885 .......

1442 3914 1621 3963 Caesar
1655 3910 1938 3962 Mecenati
1975 3922 2209 3958 assensus
2242 3915 2340 3964 est,
2362 3924 2498 3959 sum-

1440 3987 1609 4051 sitque
1632 3999 1818 4035 nomen
1841 3983 2275 4047 Imperatorium‚’
2296 3986 2393 4033 διο.

1511 4068 1540 4111 5
1578 4062 1646 4110 Te
1675 4064 1777 4110 vito
1808 4059 1851 4108 si
1877 4060 2132 4122 superstite
2166 4059 2423 4116 Jmndu3
2454 4057 2500 4106 εἰ

1446 4143 1630 4203 couno,
1648 4136 1839 4201 μανία]
1873 4136 2010 4185 Vide
2032 4149 2096 4186 ιι.
2120 4134 2225 4185 Od.
2252 4137 2328 4186 17.
