2984 4867
499 389 630 456 818

1212 404 1283 462 Q.
1329 399 1647 448 noas-ru
1698 398 1967 448 rancor

501 546 912 628 Campanum
945 545 1011 608 in
1037 544 1360 619 morbum,
1392 541 1463 605 in
1483 541 1723 605 faeiem
1751 540 2077 622 permulta
2093 538 2397 624 jocatus,

499 646 849 712 Pastorem
879 645 1157 708 saltaret
1178 643 1276 707 nti
1303 641 1606 727 Cyclopa
1630 641 1911 723 rogabat
1932 661 1952 720 ς

499 744 624 810 Nil
645 745 744 810 illi
765 746 951 809 larva
981 752 1101 811 aut
1126 743 1396 825 tragicis
1421 761 1601 826 opus
1620 761 1773 807 esse
1803 742 2162 807 cothurnis.

495 845 718 911 Hnlta
747 845 1041 911 Cicirrus
1064 846 1150 910 ad
1177 846 1347 923 haec,
1378 844 1693 908 donasset
1709 843 1937 927 jamne
1968 848 2273 907 catenam

495 1029 883 1090 sommis
898 1034 1079 1091 parcen·
1093 1028 1360 1079 ,ιιι-ειη..
1425 1026 1556 1077 uene

2583 838 2677 903 65

1574 1025 1876 1089 turnino·
1894 1024 1947 1075 ⁸·-
1965 1026 2145 1076 uum
2164 1025 2677 1087 cavum-⁶⁸⁰¹*-

495 1095 605 1143 ὸιιιι
626 1094 833 1154 jactans,
862 1093 1027 1141 oram
1043 1098 1096 1140 ut
1115 1092 1310 1140 sanaret
1330 1091 1393 1139 ud
1411 1091 1597 1138 ndum
1623 1088 1839 1153 Cyclopis
1865 1088 2105 1151 pastori-n·
2136 1101 2282 1150 aeque
2302 1100 2411 1135 cero
2431 1086 2561 1133 Cerea
2590 1087 2678 1132 aut

495 1157 737 1208 maenio
757 1154 1378 1219 mielnipeumiadieere.
1441 1153 1857 1216 “itudo-ique
1881 1148 2323 1214 Citsrmpbiu·
2343 1148 2570 1200 rotavit.-
2601 1147 2676 1197 iu·

1475 1277 1697 1329 80⁵1·AE

557 1398 624 1444 οἳ
658 1394 944 1457 cmm
962 1392 1014 1441 in
1032 1388 1260 1455 moroan]
1302 1390 1409 1440 Seu
1432 1402 1546 1439 ver·

495 1465 1546 1533 rncas‚quashabebantfrequeatesCam·

492 1544 616 1609 pani
630 1544 680 1593 in
703 1545 845 1593 vultu
862 1542 1025 1592 foedas
1040 1560 1053 1592 ε
1071 1543 1152 1592 vel
1166 1549 1367 1605 turpem
1384 1554 1544 1605 quan-

492 1620 612 1669 dam
645 1616 797 1666 aliam
821 1618 952 1666 luem
987 1616 1218 1666 ciborum
1242 1629 1302 1663 ac
1325 1614 1543 1665 luxurio

493 1693 893 1758 intemperantia
911 1699 1153 1742 creatam.
1189 1690 1307 1743 Non
1323 1688 1543 1740 absurde

489 1767 790 1819 Torrentius
813 1765 1055 1828 intelligit
1071 1780 1186 1815 eum
1208 1764 1460 1825 morbum,
1476 1761 1544 1812 de

492 1854 599 1905 que
622 1840 758 1889 Plin.
784 1851 940 1889 xxvr.
974 1844 1020 1888 1.
1063 1839 1267 1889 ‘Sensit
1295 1846 1351 1888 et
1383 1836 1546 1887 facies

490 1915 753 1964 hominum
775 1928 957 1977 novos,
977 1914 1214 1978 omnique
1236 1928 1348 1963 aevo
1371 1912 1543 1975 priore

491 1989 799 2052 incognitos,
832 2002 933 2037 non
969 1988 1138 2038 Italine
1168 1987 1338 2052 modo,
1363 2000 1541 2036 verum

490 2065 646 2113 etiam
665 2064 914 2112 universa
940 2064 1182 2127 Europe,
1203 2065 1438 2113 morbos:
1459 2095 1474 2112 .
1498 2096 1512 2111 .
1528 2095 1542 2109 .

488 2126 614 2189 sine'
625 2138 800 2188 dolore
836 2138 1044 2202 quidem
1073 2139 1186 2189 illos
1210 2153 1270 2188 ac
1293 2138 1403 2187 sine
1423 2151 1543 2203 per·

489 2212 627 2263 nicie
668 2217 823 2272 vltm;
859 2211 952 2262 sed
997 2219 1144 2262 tanta
1186 2211 1442 2275 feditate,
1483 2218 1544 2261 ut

489 2301 829 2352 quacumque
866 2301 1002 2337 mora
1037 2286 1364 2350 praeferenda
1382 2292 1544 2336 esset.

490 2361 855 2411 Gravissimum
876 2376 942 2411 ex
964 2361 1041 2411 hIs
1062 2361 1289 2413 lichenas
1311 2360 1543 2423 appella·

486 2451 612 2486 vere
640 2438 831 2488 Groeco
862 2437 1099 2496 nomln03
1138 2435 1322 2484 Latine
1343 2442 1539 2484 menta·

488 2525 650 2575 gram,
685 2512 920 2576 quoniam
944 2524 975 2559 a
1002 2517 1176 2559 mento
1204 2508 1315 2559 fere
1344 2508 1539 2559 orieba-

486 2592 594 2649 tur,
606 2585 831 2649 joculari
851 2586 1065 2649 primum
1085 2584 1296 2633 lascivia
1314 2583 1505 2633 dictam
1523 2599 1540 2645 ς

486 2665 547 2709 nt
590 2667 674 2709 est
708 2674 898 2723 procax
938 2667 1122 2709 natura
1162 2660 1439 2710 multorum
1484 2660 1538 2709 in

484 2734 667 2787 alienu
707 2734 962 2787 miseriisx
1011 2742 1236 2797 occupat
1271 2735 1322 2783 in
1366 2734 1541 2784 multis

486 2817 628 2861 totos
673 2811 853 2875 ntique
893 2811 1084 2873 vultus,
1124 2811 1286 2860 oculis
1341 2816 1539 2861 tantum

483 2884 830 2945 immunibus;
864 2885 1238 2949 descenditque
1279 2886 1331 2934 in
1387 2886 1540 2947 colla,

482 2965 791 3023 pectusque,
814 2966 869 3008 et
892 2974 1088 3020 manus,
1118 2957 1254 3009 fredo
1274 2960 1407 3009 cutis
1431 2958 1537 3008 fur·

482 3031 638 3082 fure:
672 3036 990 3096 Campanum
1015 3035 1100 3084 alii
1125 3034 1356 3084 morbum
1381 3036 1538 3084 inter·

481 3113 757 3171 pretentnr
790 3108 1047 3170 propriam
1084 3109 1131 3156 el
1170 3108 1313 3167 genti
1345 3108 1538 3157 luxuri·

482 3195 565 3231 am
591 3182 1056 3244 arrogantiamque.

546 3259 611 3305 68
649 3256 899 3304 Pauorem
938 3257 1136 3304 niteret
1181 3255 1258 3304 nri
1312 3255 1538 3320 Cyclopa]

481 3330 777 3393 Exprobrat
811 3329 1191 3380 similitudinem
1228 3346 1343 3380 cnm
1377 3332 1537 3394 Poly-

481 3404 687 3468 phemo,
731 3404 924 3467 quippe
979 3404 1065 3452 illc
1117 3405 1310 3467 pariter
1353 3404 1536 3469 lugens

482 3491 703 3541 corpore
743 3485 798 3527 et
826 3479 1033 3527 immani
1069 3486 1288 3542 statura,
1320 3479 1537 3529 hirsuta·

482 3566 586 3617 que
609 3551 803 3613 fronte,
824 3552 877 3601 iu
890 3567 989 3618 qna
1003 3554 1159 3604 etiam
1175 3555 1390 3604 cicatrix
1415 3570 1536 3605 ocn-

480 3628 586 3676 lum
633 3627 878 3689 Cyclopis
921 3628 1215 3678 obturatum
1252 3628 1533 3679 referebat.

482 3700 820 3764 Quapropter
865 3715 961 3751 nec
995 3704 1126 3751 larva
1160 3701 1321 3753 facies
1353 3705 1536 3767 turpis,

480 3789 579 3825 nec
600 3789 751 3823 crura
784 3782 862 3824 sat
899 3789 1114 3838 procera
1138 3776 1428 3839 indigerent
1448 3792 1534 3827 co-

480 3850 698 3905 thurnis,
733 3849 786 3898 id
826 3856 929 3910 est,
964 3851 1079 3899 altis
1113 3852 1323 3913 calceis,
1346 3851 1532 3915 quibus

481 3926 548 3977 ad
571 3925 892 3990 maj'estatem
910 3933 1125 3974 utuntur
1142 3926 1395 3990 Tragoedi.
1430 3927 1532 3976 Pe·

480 4009 594 4052 trns
632 4001 862 4052 Crinitus
897 4005 962 4050 de
998 4001 1214 4050 honesta
1240 4000 1531 4067 disciplina,

481 4089 621 4127 xvu.
643 4080 693 4127 8.
716 4078 956 4140 apposite
980 4077 1205 4135 omnino,
1238 4077 1255 4104 ⁴
1276 4076 1423 4126 Inter
1445 4092 1533 4127 vo·

475 4157 708 4220 luptates
728 4155 999 4220 scenicas‚'
1029 4158 1216 4223 inquit,
1242 4157 1259 4185 ‘
1278 4157 1533 4209 celebrari

1626 1400 1776 1451 video
1817 1398 2096 1465 Cyclopea.
2156 1397 2243 1448 Sic
2279 1402 2526 1447 vocarunt
2559 1410 2674 1445 cum

1594 1480 1603 1487 '
1624 1475 1901 1538 Cyclopem
1923 1473 1974 1523 ln
2000 1487 2155 1523 scena
2176 1473 2447 1522 saltantem
2472 1469 2671 1534 profer·

1626 1558 1762 1611 rent,
1800 1550 1980 1599 habitu
2020 1556 2075 1599 et
2124 1546 2457 1606 ornamentis,
2491 1544 2674 1609 quibua

1623 1624 1975 1689 Polyphemus
1998 1620 2134 1686 apud
2158 1619 2352 1671 Ροὲιιι
2380 1620 2675 1670 decoratur.

1625 1698 1778 1750 Quod
1800 1713 1897 1761 ego
1925 1696 2051 1747 duxi
2070 1693 2461 1756 observandum,
2480 1700 2538 1744 nt
2561 1692 2673 1745 Ho-

1623 1774 1742 1825 ratii
1762 1776 1931 1824 locum
1954 1773 2350 1835 interpretemur
2373 1768 2529 1832 paule
2544 1766 2676 1819 indi·

1622 1848 1867 1912 ligentins
1891 1845 1955 1895 ab
1979 1846 2091 1896 alils
2112 1843 2425 1908 expositum.
2487 1841 2674 1907 Itaque

1621 1925 1699 1975 sic
1722 1923 1910 1980 allusit,
1947 1936 2063 1972 cum
2102 1920 2168 1971 de
2201 1920 2477 1969 Sarmento
2498 1931 2674 1967 scurra

1622 2006 1680 2050 et
1724 1996 1919 2048 Messio
1964 1994 2125 2057 Osco,
2164 2006 2438 2057 eorumque
2492 1991 2673 2040 litlbus

1623 2071 1859 2120 disserit:
1896 2084 1956 2119 ac
2002 2068 2253 2117 Messium
2298 2080 2387 2115 ore
2429 2063 2571 2114 foedo
2616 2070 2673 2113 et

1621 2144 1759 2201 sacia
1778 2143 1918 2207 turpi
1940 2142 2262 2205 similemque
2288 2141 2445 2188 larva
2464 2137 2673 2188 reddit?

1622 2220 1740 2270 Quo
1778 2218 1890 2267 lo'co
1930 2219 2103 2266 ultan
2148 2216 2352 2279 Cyclope
2382 2213 2507 2263 nihil
2542 2222 2671 2277 puto

1621 2294 1759 2344 aliud
1797 2292 1863 2342 ab
1911 2291 2130 2343 Horatio
2163 2288 2400 2351 intelligi,
2432 2300 2584 2351 quam
2614 2292 2673 2339 et

1620 2366 1790 2418 fronte
1812 2372 1868 2416 et
1888 2364 2068 2415 habitu
2108 2363 2262 2413 talem
2298 2360 2457 2411 fuisse
2489 2361 2675 2411 Messi-

1620 2457 1726 2505 nm,
1747 2449 1803 2491 ut
1826 2440 2199 2504 Polyphemum
2223 2436 2275 2485 in
2307 2448 2463 2485 scena
2484 2435 2675 2484 saltan-

1621 2524 1725 2569 tem
1764 2524 1939 2579 posset
1970 2513 2290 2577 exprimere;
2324 2525 2385 2559 ac
2421 2510 2579 2559 risum
2602 2508 2671 2557 de

1617 2604 1674 2642 se
1712 2588 2067 2653 spectantibus
2106 2585 2262 2637 facile
2303 2581 2671 2633 commovere.'

1619 2666 1993 2730 Polyphemum
2029 2663 2094 2712 ab
2134 2662 2322 2724 Ulysse
2356 2667 2668 2709 occoecatum

1623 2741 1737 2804 lege
1770 2738 1905 2801 apud
1936 2737 2241 2796 Homerum,
2275 2734 2468 2796 odyn.
2498 2734 2672 2791 1.‚Vir·

1619 2814 1710 2876 gil.
1752 2811 1953 2863 AEneid.
1990 2825 2076 2860 m.
2131 2812 2217 2860 De
2255 2823 2317 2859 eo
2348 2809 2558 2858 Servius
2598 2808 2673 2857 ita

1620 2885 1831 2937 scribitz
1872 2884 2032 2934 Multi
2073 2884 2447 2949 Polyphemum
2491 2882 2671 2932 dicunt

1618 2976 1774 3011 unum
1794 2960 2028 3010 habuisse
2062 2959 2285 3020 oculum,
2307 2959 2393 3007 alii
2411 2957 2561 3019 duos,
2582 2959 2668 3008 alii

1619 3042 1745 3085 tres.
1811 3032 1908 3082 Sed
1935 3040 2096 3081 totum
2117 3031 2406 3081 fabulosum
2431 3039 2526 3080 est.
2578 3031 2671 3080 Vir

1616 3110 1705 3160 ille
1748 3108 2172 3173 prudentissimus
2212 3107 2334 3169 fuit,
2374 3114 2432 3157 et
2470 3107 2538 3156 ob
2575 3107 2669 3155 hoc

1617 3185 1818 3234 oculum
1843 3184 1893 3232 in
1925 3185 2101 3248 capite
2137 3183 2376 3232 habuisse
2398 3181 2581 3243 fertur,
2616 3183 2668 3231 id

1620 3267 1722 3321 est,
1747 3259 1904 3322 juxta
1935 3258 2224 3319 cerebrum,
2245 3259 2363 3323 quia
2395 3257 2669 3321 prudentia

1618 3336 1732 3398 plus
1771 3333 1994 3383 ridebat.
2064 3334 2253 3383 Verum
2296 3332 2507 3396 Ulysses
2552 3347 2665 3382 eum

1620 3414 1792 3457 tamen
1844 3406 2116 3470 prudentia
2159 3408 2449 3471 superavit:
2505 3415 2562 3458 et
2600 3406 2666 3457 ob

1613 3485 1709 3534 hoc
1744 3498 1859 3532 eum
1898 3498 2123 3533 caecasse
2166 3483 2394 3548 fingitur.
2444 3483 2577 3534 Vide
2614 3492 2669 3533 et

1616 3557 1851 3623 Euripid.
1877 3559 2093 3623 Cyclop.

1676 3637 1740 3684 65
1798 3634 2038 3687 Donmet
2059 3636 2224 3695 ,iamne
2275 3638 2507 3696 catenam,
2560 3634 2663 3698 qa]

1582 3710 1760 3763 ,Servi
1798 3711 1931 3760 enim
1970 3711 2262 3761 manumissi
2300 3725 2393 3761 seu
2430 3711 2664 3774 Laribus,

1613 3802 1704 3837 sen
1719 3788 1948 3839 Deorum
1973 3787 2147 3850 alicui,
2167 3787 2539 3838 consecrabant
2555 3789 2663 3837 vin·

1612 3862 1729 3911 cula
1750 3862 1935 3926 quibus
1956 3862 2078 3910 olim
2101 3862 2275 3912 stricti
2295 3860 2520 3911 fuerant.
2576 3862 2661 3912 lta

1613 3935 1841 3986 Cicirrus
1881 3936 2120 3985 servilem
2165 3936 2342 4001 objicit
2387 3936 2665 4000 turpitudi-

1612 4024 1728 4060 nem
1750 4011 2039 4061 Sarmento.
2082 4010 2216 4061 Vide
2239 4011 2394 4061 Alex.
2420 4011 2486 4062 ab
2509 4009 2664 4062 Alex.

1613 4097 1701 4135 ιιι.
1723 4089 1806 4136 2⁰.
2472 4092 2481 4101 '
