2984 4867
384 374 515 440 694
1112 396 1177 454 Q.
1222 389 1539 445 uonswn
1591 389 1854 441 resecr

651 536 1153 621 Hostiliumque
1181 535 1449 600 navium
1479 540 1681 619 portu
1708 534 1914 597 latent

734 638 1015 723 Puppcs
1046 639 1496 702 sinistrorsum
1528 634 1705 725 citae.

649 738 730 803 Io
758 738 1153 822 Triumphe,
1189 745 1261 801 tu
1294 736 1570 801 moraris
1598 751 1837 798 aureos

738 838 1009 916 Curi-ua,
1039 844 1109 902 et
1136 839 1421 901 intactas
1449 836 1695 913 boves3

391 1007 1896 1073 mmmnswumanpuimismtaasmmm.
1941 1003 1997 1054 10
2018 999 2575 1067 “teuphanu-etardus

1302 1149 1668 1171 ”OMNNO

391 1260 446 1310 p.
473 1245 601 1296 1093
635 1245 797 1298 Klotz.
863 1249 1210 1299 Bersmannus
1246 1250 1379 1313 conj.
1400 1249 1781 1298 verterim—19
1812 1245 1985 1311 codd..
2011 1243 2487 1319 duo-Bersmanntz
2519 1254 2574 1288 ns

390 1314 682 1371 parm—20
715 1313 835 1361 Duo
867 1313 1021 1363 codd.
1054 1314 1264 1377 Cruquii
1299 1323 1354 1363 et
1390 1313 1473 1363 ed.
1509 1310 1711 1375 Grypb.
1745 1310 2070 1385 sinistrorsum
2090 1313 2231 1392 sslf:
2263 1304 2574 1395 ‘quod‘flqfl

398 1374 577 1433 probo.
599 1377 699 1425 etsi
724 1377 974 1426 Dacerius
996 1375 1138 1427 dicat
1158 1379 1490 1426 sinesii-orsum
1512 1377 1620 1424 citoe
1641 1388 1740 1422 non
1770 1387 1884 1422 esse
1915 1373 2171 1421 Latinum.
2218 1369 2374 1446 Rufe.
2472 1368 2574 1416 Hic

392 1437 535 1486 locus
559 1440 819 1501 negotium
844 1437 1052 1490 facessit
1076 1440 1481 1503 interpretibusz
1540 1438 1628 1487 nid
1649 1438 1974 1487 sinistrorsum
1995 1430 2573 1508 commode-significare

394 1501 559 1562 possit
583 1502 714 1551 haurd
738 1500 892 1554 facile
915 1513 996 1553 est
1018 1504 1298 1567 expedire:
1333 1502 1507 1553 forsan
1546 1503 1685 1566 gitur
1705 1502 1788 1550 hic
1810 1498 2085 1564 legendum
2109 1513 2202 1561 pro
2232 1501 2574 1556 stammana,

392 1562 501 1612 sinu
523 1563 795 1616 introrsum.
860 1567 1101 1617 Hostium
1125 1582 1298 1630 naves,
1321 1583 1433 1633 qua
1458 1576 1578 1631 post
1599 1578 1820 1629 pugnam
1843 1560 2177 1626 aufugerunt,
2206 1573 2262 1609 se
2286 1561 2335 1608 in
2370 1565 2574 1622 portum

394 1627 725 1679 Alexandriae
750 1639 1145 1695 receperunt,et
1165 1632 1215 1680 in
1237 1631 1403 1680 sinum
1427 1630 1721 1679 interiorem
1727 1627 1995 1703 deductae,
2008 1640 2109 1674 non
2126 1624 2342 1702 amplius
2356 1622 2411 1671 in
2433 1634 2573 1670 mare

394 1690 698 1753 prodituroe,
726 1693 1073 1744 delitescunt.’
1112 1695 1460 1745 induet-22
1493 1694 1615 1743 Nic.
1641 1692 1882 1741 Heinsius
1916 1705 1966 1738 ιιι
2000 1702 2232 1751 margine
2261 1685 2575 1762 exemplaris

396 1754 474 1802 sui
497 1755 571 1804 ait
593 1770 605 1803 :
640 1759 657 1785 ⁸
671 1756 808 1807 forte
846 1760 1046 1807 intactos
1063 1756 1100 1815 ς’
1134 1757 1223 1807 sed
1245 1765 1389 1808 vetat
1412 1760 1507 1806 hoc
1531 1763 1767 1805 vetustus
1785 1753 2164 1803 Grammaticus
2184 1752 2426 1799 Valerius
2447 1749 2601 1797 Pro··

396 1817 494 1867 bus
516 1834 568 1883 p.
591 1823 737 1871 14⁶2.
770 1822 785 1850 ‘
805 1821 908 1871 Hic
930 1830 986 1870 et
1006 1822 1117 1871 hec
1141 1822 1254 1884 bos,
1274 1821 1426 1886 hujus
1447 1819 1631 1870 bovis:
1665 1819 1939 1869 Horatius:
1977 1817 2191 1866 Intactas
2207 1813 2377 1864 bow:
2411 1812 2575 1862 Porro

1381 1984 1601 2035 NOTAE

393 2089 556 2139 lorum
581 2088 842 2141 fremitum
879 2100 932 2143 et
964 2108 1159 2143 morum
1197 2095 1444 2157 asperita-
1523 2094 1640 2144 vela
1658 2091 1959 2143 faciendain
1978 2089 2273 2154 AEgyptnm.
2307 2085 2575 2136 Plutarch.

397 2171 504 2214 tem
549 2166 681 2215 heile
724 2168 1040 2231 exprimunt.
1124 2169 1334 2220 Deinde
1379 2184 1444 2219 an
1523 2184 1641 2219 mox
1664 2168 1850 2218 citand.

395 2240 793 2304 Hyper-criticus
817 2243 1102 2309 nesciebat,
1132 2251 1323 2308 proeter
1356 2260 1445 2294 na·
1586 2245 1922 2295 Siaismrsusn
1937 2241 2045 2289 cita·
2065 2238 2220 2303 [site]
2245 2237 2468 2288 Valeant
2486 2236 2576 2302 qui

396 2316 538 2365 vales
560 2317 756 2379 copias,
775 2318 837 2367 ad
863 2319 1006 2368 littus
1028 2316 1236 2368 affuisse
1259 2326 1448 2369 terres-

394 2397 502 2439 tres
524 2391 754 2454 peditum
778 2393 1143 2457 equitumque?
1179 2382 1363 2459 Itaque
1381 2394 1448 2443 ab

396 2466 631 2515 exercitu
653 2465 744 2515 illo
763 2469 998 2517 terrestri
1021 2468 1233 2518 Antonii
1252 2470 1317 2518 ad
1336 2471 1448 2520 (3oe-

394 2538 648 2588 sarianum
695 2540 957 2590 transiisse
1008 2541 1097 2591 ilia
1138 2542 1240 2592 duo
1286 2544 1448 2594 millia

394 2614 626 2679 equitum
643 2615 928 2679 Gallorum,
945 2617 1031 2682 qui
1048 2617 1315 2668 victoriam
1333 2620 1449 2669 Cn·

396 2690 522 2740 saris
546 2699 945 2753 promoverunt:
980 2700 1041 2743 ut
1073 2700 1301 2744 testatur
1332 2695 1449 2744 Ser·

397 2765 510 2815 vius
533 2765 609 2814 -ad
644 2766 843 2817 AEneid.
868 2780 948 2819 vt.
978 2775 1035 2819 et
1065 2770 1375 2821 Plutarchus
1396 2772 1448 2820 in

398 2839 630 2890 Antonio
647 2857 661 2889 z
686 2841 704 2869 ‘
715 2842 1065 2894 Terrestribus
1082 2845 1247 2909 copiis
1263 2845 1327 2895 ab
1343 2844 1447 2895 An·

398 2916 541 2965 tonio
576 2915 817 2967 Canidius
863 2926 1113 2983 praerate
1166 2935 1197 2968 a
1242 2920 1448 2971 Coesare

397 2990 621 3040 Taurus}
661 2991 746 3054 qui
779 2991 1035 3057 utrimque
1063 2995 1312 3045 instructa
1335 2995 1448 3045 acie

397 3066 453 3115 in
491 3065 667 3115 littore
698 3067 1048 3131 quiescebant,
1085 3078 1322 3120 eventum
1358 3086 1448 3122 na-

357 3196 366 3201 „
401 3139 528 3188 valis
552 3154 736 3204 pugna:
759 3144 1130 3205 expectantes!

466 3219 530 3266 18
565 3217 814 3266 Consentes.
839 3219 1095 3285 Cesar-en]
1131 3222 1240 3272 Nos
1272 3236 1449 3273 verna·

401 3292 517 3341 cule
540 3290 860 3343 diceremus:
890 3294 1064 3353 orions,
1092 3295 1208 3347 Vive
1230 3300 1393 3347 Cesar.

465 3369 531 3415 19
553 3365 897 3431 [iustitiumque
920 3370 1108 3420 nnciam
1129 3379 1273 3435 portu
1300 3374 1448 3423 latent

399 3444 613 3508 Pappa]
647 3445 902 3496 Continuo
936 3449 1319 3500 excandescens
1352 3450 1449 3501 Ju-

394 3519 758 3584 liusScaliger,
773 3523 789 3550 ⁸
804 3522 847 3571 si
865 3523 1031 3574 latent
1046 3539 1266 3590 puppes,
1283 3541 1449 3591 prorae

400 3606 506 3643 non
537 3595 734 3656 latent:
769 3597 955 3662 iuquit.
1021 3601 1240 3664 Egregie
1274 3601 1448 3651 admo·

401 3667 525 3718 dum
547 3686 558 3716 =
594 3683 709 3719 nam
734 3674 927 3733 paratis
949 3674 1012 3723 ad
1036 3673 1211 3738 fugam
1232 3677 1447 3727 navibus

398 3743 631 3794 latebant
674 3758 874 3809 puppes
916 3747 1187 3811 duntaxat,
1229 3765 1447 3814 appare-

400 3817 529 3881 bant
552 3823 719 3867 autem
743 3833 911 3881 prorae
933 3822 1058 3870 mari
1076 3822 1324 3872 obverse.
1356 3824 1449 3872 Er·

401 3905 469 3956 go
490 3893 622 3941 male
643 3892 971 3957 redarguitur
994 3895 1092 3945 iste
1125 3897 1285 3946 locus.
1339 3897 1448 3948 Ho-

399 3967 563 4017 ratius
596 3975 743 4019 notat
763 3972 1032 4033 sexaginta
1050 3985 1207 4021 naves
1228 3972 1447 4037 Cleopa·

400 4049 497 4092 tro
523 4050 641 4107 post
669 4045 883 4094 classem
915 4045 1129 4095 Antonii
1151 4047 1446 4110 collocatas,

398 4119 613 4170 sublatis
632 4120 757 4169 velis
774 4121 1047 4185 expeditas
1061 4122 1126 4171 ad
1149 4120 1322 4187 fugam
1343 4124 1447 4187 pri-

397 4206 483 4242 mo
505 4208 709 4260 quoqne
729 4202 960 4261 tempore
980 4201 1370 4265 capessendam,
1390 4207 1447 4251 et

1526 2322 1708 2384 legunt
1728 2319 1856 2369 εἰει.
1921 2316 2164 2366 Hostiles
2186 2327 2345 2363 naves
2368 2327 2398 2362 e
2422 2320 2577 2377 portu

1527 2394 1747 2445 Actiaco
1771 2392 2083 2458 prodeuntes
2107 2387 2172 2438 ad
2198 2387 2457 2437 sinistram
2488 2388 2575 2437 ha·

1529 2470 1723 2520 bebaut
1739 2468 2170 2530 Peloponnesum,
2184 2475 2285 2526 quo
2308 2459 2576 2526 fugeruut,

1528 2551 1582 2594 et
1620 2543 1739 2593 inde
1768 2539 2151 2591 Alexandriam.
2213 2536 2480 2586 Plutarch.
2520 2537 2574 2584 in

1530 2619 1784 2669 Antonio:
1830 2616 1847 2644 ⁸
1869 2617 2041 2667 Naves
2072 2612 2339 2675 sexaginta
2360 2612 2577 2674 Cleopa·

1528 2702 1643 2755 trae,
1682 2708 1817 2759 qun,
1841 2699 1960 2756 post
1990 2702 2199 2752 magnas
2235 2701 2388 2736 naves
2425 2693 2578 2735 erant

1527 2770 1661 2830 sitoe,
1685 2769 1812 2817 velis
1850 2765 2067 2817 sublatis
2099 2777 2194 2827 per
2228 2763 2425 2811 medios
2448 2776 2575 2825 pug-

1526 2851 1711 2895 nantes
1733 2842 1905 2905 fugam
1923 2839 2197 2903 arripiunt,
2218 2851 2437 2901 suosque
2457 2851 2577 2899 per-

1529 2919 1757 2968 turbant.
1822 2915 2098 2967 Caesariani
2129 2927 2231 2963 non
2267 2913 2377 2962 sine
2412 2912 2576 2961 admi-

1527 2993 1725 3043 ratione
1768 2996 2004 3052 spectaut
2037 2986 2295 3051 fugientes
2329 3000 2482 3036 naves
2521 2986 2575 3035 in

1530 3069 1942 3131 Peloponnesum
1985 3077 2285 3113 conversas:
2342 3076 2438 3112 nec
2472 3077 2576 3126 qua

1529 3146 1595 3195 de
1611 3158 1766 3193 causa
1778 3141 1832 3190 id
1844 3141 1996 3191 fieret
2013 3135 2402 3200 intelligebant:
2464 3136 2574 3186 Ad·

1529 3219 1710 3284 ditqne
1745 3217 2030 3266 Antonium
2062 3226 2162 3262 nou
2198 3212 2294 3261 viri
2320 3218 2409 3261 ant
2431 3211 2577 3261 ducis

1526 3293 1751 3346 consiliis
1772 3307 1939 3349 usum,
1960 3289 2052 3339 sed
2075 3288 2323 3349 amantis3
2350 3294 2575 3337 tractum

1527 3370 1730 3421 scilicet
1751 3383 1781 3417 a
1814 3367 2046 3427 muliere,
2066 3373 2120 3414 et
2144 3361 2449 3427 posthabitis
2469 3377 2576 3412 om·

1529 3447 1678 3499 nibus
1703 3446 2031 3507 Cleopatram
2054 3441 2360 3490 insecutum.

1592 3527 1653 3572 21
1692 3520 1771 3584 10]
1802 3520 1917 3568 Vox
1937 3515 2135 3567 letitia
2158 3512 2335 3571 index,
2363 3526 2464 3576 qua
2483 3513 2577 3563 tri-

1528 3594 1792 3660 umphanti
1814 3591 1937 3642 duci
1958 3590 2147 3639 milites
2170 3587 2543 3638 acclamabant.

1596 3668 1870 3734 ffiamphae]
1922 3665 2252 3729 Triumphum
2302 3663 2577 3727 alloquitur

1527 3756 1583 3797 et
1617 3745 1895 3809 compellat
1929 3741 2089 3792 veluti
2125 3742 2315 3791 Deum.
2382 3738 2470 3788 Sic
2496 3751 2575 3789 ιν.

1528 3821 1634 3872 Od.
1668 3825 1719 3870 2.
1748 3819 1962 3882 ‘Tuque
1995 3814 2116 3864 dum
2152 3811 2388 3878 procedis
2409 3813 2458 3861 io
2482 3812 2573 3861 tri-

1527 3912 1609 3946 um
1650 3896 1749 3947 he.'

1579 3913 1763 4023 Αἶα-σοι
1778 3965 1983 4030 σιω-ιω]
1999 3962 2360 4026 Triumphales
2375 3961 2576 4024 Augus.

1528 4054 1583 4098 to
1605 4048 1828 4098 debitos.
1860 4043 2059 4092 Horum
2084 4037 2296 4088 formam
2325 4036 2576 4086 describit

1526 4123 1757 4172 Zonaras
1796 4119 1872 4167 bis
1916 4115 2120 4165 verbis:
2152 4111 2218 4161 ‘rb
2256 4108 2308 4159 δὲ
2348 4110 2405 4169 δὴ
2448 4107 2574 4171 ἅρμα

1524 4198 1633 4247 οὔτε
1654 4189 1990 4258 mmsis-2
2019 4190 2129 4238 οὖν·
2148 4185 2493 4251 τολψιπνῑφ
2512 4184 2573 4251 ἧς
