2984 4867
576 711 702 803 Q.
806 708 1482 799 HORATII
1586 709 2164 801 FLACCI

850 966 1910 1103 SERMONUM

1299 1208 1448 1249 stvss

1003 1374 1746 1453 SATIRARUM

1106 1606 1438 1685 LIBER
1508 1604 1620 1682 11.

1101 2034 1512 2103 SATIRA
1587 2038 1645 2101 1.

270 2197 335 2249 In
366 2198 623 2262 quendam
648 2199 736 2264 qui
759 2199 1014 2249 actionem
1037 2199 1103 2250 de
1124 2198 1337 2251 famosis
1359 2199 1549 2249 libellis
1575 2198 1793 2249 Horatio
1815 2197 2124 2250 intentabat.
2157 2198 2316 2249 Buxt.
2381 2200 2457 2250 Ut

335 2285 577 2328 conatum
604 2291 810 2328 suorum
845 2280 1254 2330 obtrectatorum
1278 2294 1463 2330 vanum
1494 2293 1630 2344 esse,
1658 2293 1757 2329 nec
1795 2292 1853 2329 se
1883 2293 1920 2328 a
1949 2279 2133 2329 Satiris
2169 2277 2458 2328 scribendis

336 2355 549 2406 istorum
585 2357 893 2409 clamoribus
932 2366 1200 2410 avocatum
1227 2360 1291 2410 iri
1324 2356 1642 2422 ostenderet,
1664 2358 1817 2408 fiuxit
1852 2359 1986 2407 hunc
2024 2360 2175 2422 longe
2213 2357 2456 2407 suavissi-

273 2436 281 2447 ’
335 2450 472 2485 mum
509 2434 984 2504 facetissimumquc
1016 2439 1275 2505 dialogum
1314 2436 1562 2489 Horatius
1597 2439 1735 2488 inter
1765 2452 1821 2487 se
1848 2436 2013 2501 ipsum
2046 2442 2103 2485 et
2137 2436 2458 2500 Trebatium,

338 2515 500 2569 virum
535 2517 887 2568 doctissimum
910 2526 968 2569 et
993 2518 1127 2583 iaris
1149 2519 1316 2569 civilis
1345 2518 1732 2583 peritissimum,
1746 2531 1966 2581 eumque
1993 2523 2051 2566 et
2077 2514 2288 2580 ingenio
2304 2524 2359 2566 et
2381 2515 2455 2567 fa·

278 2626 283 2631 -
335 2597 485 2646 cetiis
503 2598 1013 2661 excellentissimum,
1031 2605 1089 2650 ut
1108 2612 1173 2669 ex·
1186 2600 1472 2663 Ciceronis,
1486 2613 1587 2664 quo
1603 2596 1999 2648 familiarissime
2021 2610 2138 2645 usus
2161 2603 2294 2659 erat,
2308 2596 2456 2659 Epis·

334 2676 453 2725 tolis
476 2684 700 2727 constat.
765 2678 894 2728 Cum
914 2678 1112 2728 satiras
1130 2693 1289 2742 meas,
1310 2679 1500 2743 inquit,
1515 2679 1596 2727 vel
1616 2678 1766 2728 nimis
1782 2675 2116 2738 acerbas,vel
2138 2676 2294 2739 plane
2313 2677 2457 2725 leves

286 2794 289 2799 .
338 2761 394 2803 et
412 2754 587 2804 futiles
608 2770 720 2805 esse
742 2755 920 2807 (licant
940 2758 1207 2818 nonnulli;
1243 2757 1364 2821 quid
1390 2756 1512 2806 mibi
1535 2755 1827 2806 faciendum
1858 2756 1946 2818 sit,
1970 2753 2247 2819 responde.
2278 2754 2454 2804 Tuan.

337 2834 423 2883 Ne
455 2835 650 2885 scribas
672 2849 868 2886 versus.
933 2837 1083 2886 Hon.
1120 2838 1320 2887 Recte:
1365 2842 1438 2899 at,
1461 2835 1563 2885 nisi
1594 2835 1841 2896 scribam,
1862 2847 2052 2898 capere
2085 2846 2315 2882 somnum
2343 2845 2456 2881 non

337 2927 560 2975 possum.
626 2916 801 2966 Tuan.
835 2916 1021 2981 Itaque
1045 2922 1136 2966 aut
1155 2920 1337 2965 natato
1358 2914 1606 2974 Tiberim,
1621 2921 1713 2964 aut
1734 2914 1926 2977 largius
1946 2911 2047 2980 snb
2062 2918 2269 2963 noctem
2293 2910 2457 2961 bibito

336 3004 529 3043 merum
556 3010 573 3054 ς
607 3000 717 3057 aut,
738 2995 783 3044 si
807 2995 1069 3044 scribendi
1105 2993 1367 3057 cupiditas
1400 3000 1454 3042 te
1485 2991 1748 3053 invaserit,
1771 3006 1854 3041 res
1887 2997 2059 3054 gestas
2080 2989 2299 3054 Augusti
2330 2989 2456 3043 scri.

334 3071 468 3122 bito.
535 3074 682 3124 Heu.
716 3074 921 3125 Audio:
957 3074 1047 3124 sed
1070 3074 1135 3124 ad
1158 3074 1291 3123 banc
1309 3084 1416 3122 rem
1438 3072 1589 3122 deest
1608 3072 1729 3121 mihi
1752 3071 2031 3135 ingenium.
2096 3071 2269 3119 Tuan.
2302 3070 2456 3120 Atta-

278 3173 289 3184 ·
332 3160 451 3201 men
476 3162 594 3202 eum
617 3159 677 3201 ut
700 3154 902 3216 Justum
936 3160 993 3203 et
1029 3150 1215 3203 fortem
1251 3158 1398 3216 potes
1428 3151 1680 3215 scribere,
1702 3148 2129 3216 quemadmodum
2158 3148 2455 3213 Scipionem

333 3230 618 3282 celebravit
656 3232 903 3282 Lucilius.
969 3233 1121 3284 Hon.
1158 3234 1384 3298 Operam
1422 3231 1542 3281 huic
1580 3230 1657 3281 rei
1693 3230 1847 3293 dabo,
1882 3234 2010 3280 cnm·
2034 3229 2281 3293 temporis
2322 3229 2456 3278 ratio

278 3330 286 3338 ·
330 3310 549 3367 tulerit:
588 3310 781 3378 alioqui
802 3315 1044 3364 Carmina
1061 3327 1175 3363 mea
1199 3313 1287 3363 ille
1307 3326 1408 3362 non
1432 3313 1594 3374 leget,
1614 3315 1670 3360 et
1690 3324 1773 3359 me
1793 3310 2194 3372 inopportunum
2215 3308 2454 3371 repudie-

332 3391 429 3441 bit.
494 3392 673 3440 Tuan.
707 3394 1003 3443 consultius
1029 3394 1129 3441 hoc
1161 3394 1281 3453 erit,
1300 3405 1451 3455 quam
1472 3391 1655 3440 Satiris
1678 3388 1965 3438 scribendis
1999 3388 2173 3437 odium
2195 3387 2456 3437 hominum

335 3471 389 3519 in
415 3476 465 3520 te
488 3472 733 3522 excitare.
800 3472 948 3523 Hoa.
981 3472 1084 3521 Sus
1105 3472 1322 3535 quisque
1344 3477 1551 3519 tenetur
1568 3470 1870 3532 voluptate:
1903 3474 1963 3517 et
1983 3480 2066 3517 me
2086 3467 2316 3517 delectet
2333 3466 2458 3517 scri·

332 3542 462 3600 bere
488 3565 683 3607 versus.
715 3553 890 3616 quales
923 3551 1171 3606 Lucilius,
1192 3551 1307 3601 h.e.
1335 3549 1554 3599 Satlras.
1619 3548 1775 3598 Hunc
1807 3561 2013 3611 sequor,
2035 3560 2325 3612 quanquam
2355 3559 2456 3610 ego

336 3644 435 3679 non
460 3644 571 3679 sum
595 3630 868 3687 Romanus,
906 3637 966 3680 nt
997 3631 1107 3686 ille,
1131 3629 1225 3678 sed
1262 3628 1370 3678 sive
1405 3628 1605 3692 Apulus
1633 3627 1745 3677 sive
1780 3624 2053 3676 Lucanus:
2086 3639 2171 3676 res
2204 3626 2341 3676 enim
2372 3630 2457 3675 est

333 3710 574 3779 incerta.⁴
616 3711 811 3759 Verum
836 3711 972 3760 ultro
1004 3709 1262 3760 neminem
1284 3722 1509 3774 unquam
1529 3707 1731 3771 scriptis
1766 3706 2146 3770 lacessam,nisi
2164 3705 2455 3770 lacessitus,

337 3790 476 3855 quod
501 3790 641 3839 Deus
664 3795 896 3839 avertat:
931 3804 1041 3839 sum
1075 3788 1212 3838 enim
1245 3787 1387 3851 pacis
1421 3786 1660 3852 cupidus.
1727 3787 1885 3839 Quod
1914 3787 1956 3836 si
1979 3800 2102 3837 vero
2124 3785 2239 3850 quis
2272 3796 2357 3835 me
2379 3785 2454 3834 la·

337 3870 612 3930 cessierit3
659 3870 703 3918 is
745 3869 881 3918 male
919 3869 1170 3919 mulcatus
1213 3867 1465 3918 discedet.
1530 3869 1668 3919 Nam
1700 3882 1817 3918 cum
1861 3881 1919 3916 se
1953 3866 2169 3932 quisque
2206 3863 2456 3915 defendat

339 3952 495 4000 armis
534 3950 617 4011 iis,
639 3948 826 4014 quibus
852 3949 1073 3999 maxime
1094 3949 1268 4009 valet3
1304 3962 1421 4012 ego,
1446 3960 1783 4012 quacumque
1806 3945 1929 3995 vite
1959 3958 2091 3994 meae
2124 3936 2350 3995 conditio
2373 3938 2455 3991 fu·

339 4040 456 4080 tura
475 4037 574 4089 est,
593 4028 823 4079 versibus
842 4027 1103 4094 pugnabo.
1165 4027 1341 4077 Tun.
1376 4028 1425 4079 0
1446 4040 1597 4091 puer,
1616 4034 1808 4081 metuo,
1829 4038 1894 4073 ne
1911 4014 2008 4086 itaj
2025 4023 2197 4087 magni
2213 4022 2307 4070 viri
2330 4021 2454 4070 ami-

338 4111 463 4161 citia
505 4110 714 4173 amissa,
735 4123 830 4173 pro
867 4106 1175 4171 egritudine
1214 4106 1360 4156 brevi
1400 4119 1600 4169 pereas.
1665 4105 1815 4155 Hon.
1849 4103 1923 4154 At
1958 4102 2136 4168 procul
2175 4097 2364 4163 abfuit,
2394 4106 2455 4149 ut

343 4191 528 4240 Laelius
563 4196 619 4240 et
638 4189 816 4253 Scipio
848 4187 1030 4239 Satiris
1068 4185 1273 4249 Lucilii,
1296 4184 1479 4251 quibus
1511 4191 1566 4235 et
1599 4198 1870 4249 procerum
1891 4191 1949 4234 et
1967 4178 2308 4233 multitudiuis
2331 4178 2455 4229 vitia

447 4286 623 4348 Deipk.
637 4290 685 4335 et
711 4285 828 4335 Ver.
842 4284 973 4336 cus.
1329 4280 1509 4331 Horat.
2202 4280 2233 4325 ⁸
2266 4275 2326 4325 Μ
