2984 4867
650 422 716 482 Q·
763 420 1076 468 noRATn
1129 421 1391 469 FLAGCI
1439 423 1750 471 cantum
1801 423 2239 515 spumanti.

2408 409 2535 476 741

419 560 560 609 tione
582 566 701 610 aute
723 561 886 611 citata
905 562 1169 625 explicare
1185 563 1298 626 ipse
1318 577 1524 633 quoque
1543 572 1757 615 conatus
1772 579 1902 615 auru.
1951 564 2089 614 lund
2106 565 2338 616 addimus
2354 579 2536 616 uuum:

421 640 906 701 alteruis‚cecinisae
931 656 1118 707 pueros
1141 657 1203 692 ac
1227 643 1445 707 puellas,
1465 644 1723 694 interdum
1749 659 1872 694 vero
1898 645 2134 710 junxisse
2158 660 2329 709 voces,
2353 644 2539 709 proba»

420 716 526 767 bile
542 715 672 767 facit
692 718 804 781 ipsa
826 719 956 768 ratio
981 720 1236 770 Carminis
1257 737 1270 768 ε
1295 720 1420 786 quid
1439 730 1612 772 autem
1636 723 1912 789 unicuique
1929 724 2245 774 bemichorio
2266 730 2359 774 aut
2379 723 2537 774 choro

423 796 518 845 toti
541 796 612 846 sit
634 797 977 860 tribuendum,
997 799 1398 866 uuiuscujusque
1430 802 1646 853 lectoris
1681 804 1888 867 iugenio
1922 804 2246 869 permittere,
2277 819 2391 855 cum
2421 802 2541 855 libri

423 879 653 936 taceant,
674 876 945 927 malumus.
981 876 1158 941 Gesn.)

701 1003 885 1067 Pam
899 1022 933 1066 u
948 1023 984 1067 κ
1002 1006 1493 1092 sylvarumque
1524 1020 1761 1093 potens
1793 1012 2042 1090 Diana,

424 1186 661 1250 OApollo
691 1194 738 1237 et
775 1187 1413 1253 Dianasylearundonina,
1445 1191 2123 1252 illustreeoeis‘eraemeatan3
2155 1194 2541 1257 ose-persono·

1269 1327 1325 1350 00
1332 1330 1506 1354 OOmO
1511 1332 1632 1355 0000

423 1427 614 1476 Drama
636 1429 893 1478 Sauadoui
912 1430 1112 1492 recepit
1136 1432 1372 1492 Francis,
1389 1432 1522 1496 (vid.
1548 1431 1785 1497 Argum.)
1805 1433 1904 1482 alio
1935 1439 2105 1481 tamen
2143 1431 2349 1481 ordine:
2390 1431 2542 1480 Poir'ta

353 1493 418 1539 ad
442 1492 686 1554 Populum,
707 1506 790 1542 ιιι.
815 1493 922 1543 Od.
949 1499 992 1543 l.
1018 1498 1128 1543 1-4.
1181 1495 1261 1544 Ad
1283 1496 1542 1546 Puer-esec
1564 1498 1775 1554 Puellae,
1797 1510 1872 1546 ιν.
1895 1495 1999 1545 Od.
2017 1501 2068 1547 6.
2091 1499 2269 1547 §to-⁴⁴.
2335 1496 2543 1544 Concess-

353 1559 435 1603 tus
449 1556 660 1618 munus.-
683 1557 906 1621 Hymnus
926 1560 989 1607 ad
1005 1557 1290 1622 Apollinem,
1309 1573 1387 1609 ιν.
1411 1559 1516 1610 od.
1536 1565 1587 1610 o.
1611 1564 1756 1610 1-28.
1826 1562 2089 1610 Comum
2109 1560 2353 1622 stennius,
2373 1573 2414 1609 ι.
2437 1559 2542 1609 od.

1344 1720 1558 1771 NOTAE

424 1829 626 1878 Carmen
659 1828 919 1892 Seculare]
955 1832 1034 1879 Ex
1074 1831 1410 1894 Ju1.,Scang.

353 1902 445 1952 lib.
477 1903 632 1954 Poet.
657 1917 732 1954 vr.
789 1906 996 1955 Horatii
1029 1908 1044 1934 ‘
1065 1908 1283 1956 Carmen
1303 1908 1410 1956 Sn-

355 1979 531 2027 culare
562 1979 793 2042 doctum,
827 1982 1052 2045 plenum,
1087 1991 1300 2047 tersum,
1333 1985 1411 2033 la·

358 2051 616 2113 boratum,
647 2052 806 2102 felix?
872 2053 1026 2104 Anno
1049 2055 1115 2106 ab
1137 2057 1265 2106 urbe
1287 2072 1410 2107 con·

354 2127 467 2177 dita
499 2133 614 2178 ⁷³6.
650 2131 856 2194 quintos
891 2129 1155 2196 Augustus
1189 2135 1411 2184 Saecula-

355 2218 441 2253 res
467 2205 639 2254 Ludos
661 2205 1034 2271 celebraturus,
1050 2207 1272 2258 Carmen
1290 2209 1410 2258 boc·

356 2294 420 2329 ce
478 2280 530 2330 in
574 2280 636 2329 iis
677 2295 743 2331 ex
798 2297 940 2332 more
992 2285 1301 2346 canendum,
1343 2287 1411 2337 ab

353 2353 577 2404 Horatio
598 2355 757 2406 scribi
772 2357 947 2420 jussit.
1015 2360 1267 2410 Horatius
1292 2363 1413 2413 huie

354 2445 566 2492 operam
599 2432 776 2482 sedulo
811 2433 1082 2497 impendit,
1119 2436 1272 2486 immo
1305 2444 1410 2488 tam

356 2506 600 2569 feliciter,
623 2510 704 2559 vel
741 2525 833 2559 sno
856 2512 1016 2574 ipsius
1031 2513 1251 2576 judicio,
1274 2522 1332 2565 ut
1355 2521 1411 2569 et

354 2584 456 2633 sibi
500 2585 836 2648 applaudere,
878 2594 933 2636 et
989 2588 1173 2637 choros
1216 2590 1412 2639 nobiles

358 2658 487 2710 illud
543 2659 911 2711 decantaturos
947 2661 1012 2711 ad
1049 2664 1411 2727 exequendum

358 2735 639 2798 diligenter
650 2751 848 2786 sacrum
866 2751 1048 2787 munus
1065 2747 1219 2789 autea
1233 2742 1413 2790 exhor-

360 2811 463 2860 tari
482 2825 581 2860 nou
606 2813 801 2861 veritus
816 2812 900 2861 sit.
935 2812 1151 2875 Duplici
1168 2811 1286 2863 Ode
1303 2815 1415 2866 liaec

361 2894 597 2949 prestat,
607 2887 842 2936 nimirum
854 2888 1102 2952 vigesima
1113 2889 1276 2952 prima
1294 2890 1414 2940 libri

365 2962 536 3025 primi,
549 2969 605 3012 et
622 2970 770 3013 sexta
790 2963 904 3012 libri
920 2964 1087 3028 quarti
1102 2980 1119 3023 ς
1138 2978 1287 3027 quam
1305 2966 1415 3015 vul·

364 3052 462 3101 gus
496 3047 766 3103 utramque
798 3038 1065 3090 Seculare
1089 3040 1306 3089 Carmen
1340 3042 1415 3090 ui·

362 3112 634 3162 bilorninus
654 3114 752 3161 buc
775 3128 935 3176 nsque
958 3115 1293 3177 nuncupavit,
1325 3114 1416 3166 sed

363 3200 659 3250 perperam.
711 3188 842 3237 Nam
856 3188 907 3236 iu
924 3188 1082 3249 priori
1102 3196 1273 3240 monet
1289 3190 1421 3241 dun-

367 3270 516 3312 taxat
539 3277 727 3325 pueros
769 3277 829 3312 ac
869 3264 1109 3327 virgines,
1130 3273 1187 3314 nt
1213 3266 1312 3315 rite
1337 3280 1420 3315 ca·

361 3345 493 3387 naut
516 3337 772 3402 Apollinis
809 3353 870 3388 ac
904 3339 1086 3387 Dianae
1119 3340 1327 3391 laudea:
1363 3341 1416 3391 iu

369 3415 644 3477 posteriori
676 3428 799 3464 vero
831 3415 898 3464 de
923 3429 977 3464 se
1001 3416 1132 3479 ipse,
1152 3424 1209 3466 et
1229 3418 1418 3480 magni-

369 3491 467 3540 fice
510 3490 739 3556 quidem,
771 3490 1000 3556 loquitur
1032 3491 1220 3542 Poeta.
1285 3494 1417 3545 Qua

368 3566 522 3629 plane
555 3581 670 3615 esse
707 3574 888 3616 contra
923 3567 1174 3617 rationem
1209 3567 1419 3632 Hymni,

369 3643 422 3690 in
446 3656 548 3706 quo
565 3641 768 3691 landari
783 3648 982 3693 tautum
1000 3644 1141 3692 Deos
1163 3649 1316 3707 atque
1340 3644 1417 3692 iu-

370 3720 540 3769 vocari
563 3719 740 3781 decet,
763 3731 914 3768 uerno
931 3717 1211 3781 negaverit.

433 3795 597 3843 Porro
613 3809 727 3858 quo
750 3794 813 3843 ad
837 3793 1007 3843 Ludos
1028 3793 1317 3843 Saecularea
1339 3799 1416 3844 at·

372 3871 559 3931 tinent,
582 3869 803 3932 paucula
827 3868 1009 3918 saltem
1044 3868 1128 3917 liic
1157 3867 1415 3918 ascribere

369 3961 470 3995 nou
517 3946 729 4009 pigebit.
797 3943 867 3992 Hi
897 3944 1181 3992 centesimo
1217 3942 1417 3994 decimo

368 4034 571 4086 quoqne
633 4033 767 4068 anuo
822 4017 1004 4082 peragi
1069 4017 1321 4079 solebant,
1365 4019 1418 4068 in

371 4100 571 4163 Campo
609 4096 821 4158 Martio,
858 4109 951 4159 per
982 4101 1090 4144 tres
1123 4094 1234 4143 dies
1257 4093 1423 4144 conti·

370 4190 499 4224 unos
537 4181 688 4238 atque
731 4178 931 4221 noctes.
997 4168 1174 4218 Primo
1215 4170 1423 4233 quidem

370 4250 625 4315 Princeps
658 4247 884 4301 civitatis
915 4245 970 4299 in
1000 4243 1313 4310 Capitolium
1346 4258 1425 4295 as·

1479 1832 1748 1882 .cendebat
1784 1845 1902 1880 cum
1942 1830 2233 1895 quindecim
2268 1831 2386 1879 viris
2418 1831 2541 1878 ista-

1491 1921 1602 1957 rum
1644 1907 2050 1957 cerimoniarum
2101 1904 2541 1969 procuratoribus,

1490 1982 1665 2046 ibique
1687 1995 1835 2031 sacra
1873 1980 2085 2031 fiebant.
2148 1981 2277 2029 Tum
2308 1980 2360 2028 in
2380 1980 2544 2028 Thea-

1492 2057 1589 2106 tria
1613 2056 1848 2107 omuibus
1869 2056 2153 2105 edebantur
2179 2055 2328 2105 Ludi.
2384 2056 2546 2105 Dein·

1491 2132 1558 2181 de
1611 2131 1806 2182 Juuoui
1858 2130 2223 2194 supplicabant
2274 2136 2542 2179 matrone.

1491 2209 1762 2259 Postremo
1783 2208 1834 2256 in
1856 2206 1969 2256 ede
1995 2207 2235 2257 Palatina
2257 2213 2336 2256 ter
2357 2219 2539 2255 novem

1492 2285 1639 2349 pueri
1672 2283 1992 2346 nobilissimi,
2036 2280 2355 2344 totidemque
2393 2280 2544 2343 virgi-

1491 2377 1582 2413 nes
1603 2361 1870 2421 Patricia,
1890 2360 1941 2409 iu
1963 2365 2138 2409 ternos
2153 2358 2410 2422 utrimque
2426 2358 2545 2407 cho-

1490 2451 1574 2486 ros
1625 2435 1796 2490 divisi.
1840 2434 2032 2484 (ἔωσι
2081 2432 2366 2496 Latiuaque
2393 2444 2543 2485 ‚voce

1488 2509 1724 2573 Apollini
1751 2508 2034 2570 Dianaque
2056 2506 2321 2569 Hymnum
2356 2505 2548 2555 decan·

1491 2585 1855 2648 tabant,quem
1873 2590 2122 2633 vocarunt
2141 2581 2404 2632 Seculare
2421 2582 2548 2630 Car-

1491 2674 1628 2721 men,
1649 2659 1699 2708 in
1724 2671 1825 2722 quo
1847 2657 1982 2705 mala
2016 2669 2234 2721 qumque
2255 2655 2547 2718 deprecari,

1492 2735 1631 2784 bona
1675 2734 1960 2796 deposcere
2009 2732 2165 2780 moris
2218 2739 2348 2781 erat.
2414 2731 2545 2782 Quo

1492 2809 1700 2875 quidem
1721 2808 1891 2857 omnia
1911 2808 1954 2857 si
1977 2807 2393 2867 observarentur,
2407 2806 2546 2854 inco·

1493 2885 1780 2936 inunitatem
1814 2881 2041 2945 Imperio
2069 2888 2127 2930 et
2149 2882 2547 2944 prosperitatem

1493 2968 1738 3012 aternam
1754 2956 1952 3019 Sibylla
1970 2956 2074 3004 suis
2089 2955 2411 3005 Carminibus
2429 2968 2547 3018 spo·

1497 3033 1770 3098 ponderat.
1838 3018 2174 3093 Quapropter
2203 3030 2547 3079 curandorum

1496 3111 1711 3159 istorum
1749 3120 1907 3157 causa
1954 3105 2221 3155 Duumviri
2259 3105 2477 3168 primum
2516 3118 2548 3153 a

1493 3184 1774 3249 Tarquinio
1808 3181 2064 3244 Superbo,
2108 3191 2291 3244 postea
2324 3181 2549 3231 Decem-

1497 3262 1612 3323 viri,
1632 3262 1837 3310 demum
1855 3257 1998 3322 Sylla
2024 3257 2299 3305 Dictatore
2319 3254 2551 3309 Quinde-

1494 3337 1696 3389 cimviri
1719 3335 1885 3386 creati
1904 3338 2038 3384 suut.
2074 3332 2246 3381 Ludos
2266 3331 2552 3383 Secum·-

1493 3414 1760 3464 iustitntoa
1783 3425 1814 3459 a
1839 3409 2009 3458 Numa
2031 3406 2291 3470 Pompilio
2310 3408 2401 3456 alii
2424 3408 2549 3458 acri·

1496 3492 1644 3546 bunt.
1687 3488 1775 3538 alii
1814 3500 1848 3535 a
1883 3485 2094 3535 Valerio
2131 3483 2420 3548 Poplicola,
2465 3485 2552 3536 alil

1497 3567 1668 3616 verius
1686 3565 1839 3626 louge
1861 3568 1981 3625 post
1998 3565 2210 3609 exactos
2231 3574 2396 3623 reges.
2443 3562 2550 3611 Ne·

1498 3654 1599 3705 que
1636 3639 1916 3703 scriptores
1961 3636 2294 3687 consentiunt
2324 3636 2390 3687 de
2419 3644 2550 3687 tem.

1500 3729 1628 3780 pore
1680 3727 1782 3780 quo
1824 3712 2079 3785 celebrati
2125 3708 2351 3761 fuerunt.
2417 3713 2550 3763 Sunt

1499 3790 1634 3841 enim
1682 3788 1768 3853 qui
1817 3787 1979 3836 velint
2034 3793 2145 3848 post
2198 3792 2407 3837 centum
2462 3803 2550 3837 an-

1499 3880 1624 3917 nos:
1649 3864 1736 3915 alii
1750 3867 1865 3929 post
1874 3867 2076 3910 centuni
2095 3874 2157 3909 ac
2178 3860 2376 3910 decem.
2418 3863 2553 3912 Con.

1498 3948 1608 3992 stat
1648 3939 1986 4001 anticipatum
2020 3935 2295 3999 aliquando
2334 3944 2551 4000 tempus.

1499 4019 1669 4068 Tacit.
1712 4015 1901 4065 Annal.
1930 4026 2011 4063 xi.
2064 4011 2286 4061 ‘Iisdem
2322 4012 2555 4061 Consuli-

1504 4094 1599 4144 bus
1650 4091 1782 4141 Ludi
1836 4087 2126 4138 Saeculares
2189 4085 2557 4148 octingentesi-

1506 4184 1591 4220 mo
1648 4174 1766 4230 post
1820 4166 2033 4214 Romam
2085 4160 2344 4212 conditam
2405 4175 2557 4225 auno,

1506 4249 1693 4310 quarto
1715 4248 1770 4292 et
1786 4237 2108 4302 sexagesimo
2127 4249 2278 4300 quam
2295 4235 2557 4301 Augustus
