2984 4867
484 369 616 434 718
1198 385 1264 441 Q.
1309 378 1623 430 nourrii
1675 378 1936 427 rnacct

658 524 878 606 Impia
904 523 1262 606 perdemus
1289 523 1515 587 devoti
1544 520 1885 603 sanguinis
1912 525 2125 601 oeta83
2178 560 2185 567 ·

745 625 1070 706 Ferisque
1099 643 1329 689 rursus
1358 623 1788 705 occupabitur
1814 621 2056 685 solum.

659 725 1023 802 Barbarus,
1056 725 1222 789 heu!
1268 723 1529 789 cineres
1562 724 1830 786 insistet
1856 722 2092 799 victor,
2118 727 2189 785 et
2218 717 2473 784 Urbem

746 825 973 907 Eques
1006 832 1280 911 sonante
1309 824 1683 890 verberabit
1707 823 1996 904 ungula;

664 924 970 1007 Quaeque
1000 933 1229 989 carent
1255 926 1471 991 ventis
1503 930 1574 987 et
1602 924 1884 1000 solibus,
1915 941 2073 987 ossa
2106 922 2369 1001 Quirini

743 1024 994 1109 (Nefas
1022 1021 1278 1110 videre)
1305 1024 1665 1107 dissipabit
1692 1023 2021 1089 insolens!

664 1125 890 1201 Forte,
920 1125 1082 1208 quid
1111 1126 1450 1209 expediat,
1481 1125 1941 1204 communiter,
1972 1130 2089 1190 aut
2114 1123 2346 1187 melior
2374 1140 2559 1205 parS,
2590 1123 2677 1186 15

740 1225 951 1310 Malis
980 1244 1208 1290 carere
1242 1225 1542 1310 quaeritis
1570 1225 1937 1289 laboribus.

2585 618 2670 682 10

491 1404 764 1467 parentibus
784 1400 1082 1453 execrabilis.-
1113 1401 1292 1452 scilicet
1327 1401 1446 1450 hanc
1479 1399 1876 1464 pessumdabitur
1905 1399 1999 1475 ipsi
2022 1414 2107 1449 nos
2127 1399 2335 1448 homines
2359 1399 2679 1459 consedenti,

493 1483 688 1531 quorum
708 1468 924 1516 addictus
942 1472 1012 1515 eat
1033 1481 1201 1514 cruor.-
1235 1471 1373 1527 atque
1393 1470 1524 1513 ter-ru
1545 1465 1643 1513 hoec
1670 1480 1701 1511 a
1722 1463 1885 1513 bestiis
1914 1468 2085 1512 sternat
2107 1462 2355 1512 tenebitur.
2422 1463 2560 1511 Elaea
2580 1464 2676 1512 vie-

492 1536 571 1579 tor
591 1531 815 1580 barbarus
832 1530 977 1579 stabit
1008 1543 1146 1591 super
1163 1530 1367 1590 favillas
1398 1528 1550 1586 urbis,
1575 1534 1620 1576 et
1654 1542 1873 1589 equor-unt
1898 1526 2092 1590 pedibas
2108 1526 2422 1602 strepentibus
2441 1526 2675 1576 omnim-

495 1594 583 1642 hit.
655 1596 734 1653 Ee,
753 1597 874 1657 quod
891 1595 1168 1642 mudum
1188 1594 1310 1651 nisu,
1330 1606 1436 1640 osso
1463 1591 1653 1641 Romuli
1671 1591 1783 1640 solis
1801 1606 1858 1640 ac
1875 1591 2006 1639 nenti
2025 1596 2237 1653 expertia
2257 1591 2497 1654 disperget
2514 1605 2676 1652 super·

494 1657 594 1709 bus.
662 1658 885 1708 Formae
910 1657 1118 1706 universi
1147 1657 1219 1705 vel
1246 1670 1357 1718 pars
1387 1655 1537 1715 παύω·
1563 1654 1934 1717 interrogabitis,
1964 1655 2077 1719 quid
2104 1654 2223 1704 utile
2251 1654 2316 1703 ait
2343 1655 2408 1704 ad
2435 1655 2679 1705 wunsam

1734 1795 1765 1817 0

497 1882 858 1946 Cruquii.—l‹1
895 1883 1090 1933 Omnes
1112 1880 1261 1932 codd.
1283 1881 1559 1942 Torrentii,
1583 1887 1804 1944 quatuor
1828 1878 2048 1929 Blandd.
2082 1878 2279 1929 Buslid.
2304 1878 2430 1928 Div.
2450 1885 2507 1930 et
2527 1878 2676 1928 Com·

496 1953 758 1995 mentator
789 1960 872 2010 ap.
907 1947 1065 2009 Crnq.
1101 1945 1255 2003 Ndos
1284 1945 1460 2005 uideri,
1493 1943 1631 2009 quod
1666 1945 1788 2007 quia
1818 1943 2044 1992 laedebat
2075 1949 2294 1992 metrum
2342 1943 2466 2004 jure
2498 1943 2677 2006 displi-

498 2009 608 2059 cuit
631 2008 908 2058 Glareano.
977 2008 1062 2059 Ita
1087 2016 1261 2059 tamen
1293 2008 1460 2058 edidit
1481 2007 1879 2070 Cruquins.·-—15
1912 2006 2077 2058 Janus
2102 2006 2405 2070 Rutgersins
2428 2007 2483 2056 in
2505 2006 2679 2056 Venu-

497 2072 619 2122 sinis
659 2073 988 2122 Lectionibus
1030 2073 1077 2121 b.
1099 2073 1134 2121 l.
1168 2073 1527 2133 corrigendum
1560 2086 1673 2121 esse
1710 2071 2037 2132 pronuntiat:
2072 2071 2219 2119 Forte
2251 2070 2274 2134 (
2308 2071 2401 2118 uod
2431 2070 2679 2134 expediat)

497 2137 816 2195 communiter,
838 2143 920 2185 aut
940 2137 1106 2187 melior
1123 2151 1238 2199 pars
1258 2136 1409 2185 Malis
1428 2150 1587 2185 curere
1606 2134 1819 2198 quem-itis
1839 2133 2105 2184 laboribus?
2154 2086 2306 2186 Quog
2330 2133 2403 2184 sic
2428 2136 2679 2199 explicat:

497 2200 736 2249 Fortasse
761 2201 838 2249 vel
863 2202 1221 2261 communiter,
1241 2200 1404 2263 (quod
1422 2200 1668 2262 optimum
1692 2198 1896 2263 quidem
1919 2196 2078 2310 erat?
2093 2198 2195 2260 vel,
2214 2197 2256 2245 si
2283 2196 2334 2246 id
2359 2212 2462 2246 non
2486 2207 2681 2261 potest,

498 2264 677 2312 melior
699 2264 878 2313 saltem
903 2279 1041 2328 pars,
1063 2263 1327 2314 laboribus
1350 2277 1531 2311 carere
1549 2261 1805 2327 quaeritis?
1871 2264 1886 2291 ‘
1910 2261 2050 2327 Atqu
2094 2275 2156 2311 eo
2177 2275 2329 2310 sensu
2352 2263 2568 2325 expediet
2589 2276 2678 2325 po·

499 2326 601 2376 tius
624 2327 900 2378 dicendum
923 2326 1080 2387 foret,
1103 2342 1254 2391 quam
1277 2342 1304 2375 e
1396 2327 1515 2375 diat.
1583 2327 1630 2375 N
1638 2338 1695 2374 os
1718 2325 2127 2375 emendationem
2162 2325 2322 2388 ipsam
2346 2325 2454 2373 viro
2476 2327 2679 2389 elegan-

501 2391 698 2440 tissimo
722 2391 949 2442 libenter
969 2398 1239 2453 acceptam
1267 2405 1321 2439 re
1344 2391 1534 2439 erimus
1550 2405 1566 2438 t
1603 2390 1693 2439 sed
1717 2395 1894 2439 nostra
1914 2395 1970 2438 et
1989 2403 2123 2438 nova
2143 2388 2569 2452 interpretatione
2592 2390 2680 2439 do·

499 2464 671 2505 natam
696 2457 1047 2520 proponimus.
1078 2455 1165 2505 Sic
1178 2454 1313 2504 enim
1334 2454 1647 2517 precationis
1670 2467 1822 2503 sensu
1839 2453 1998 2504 verba
2018 2453 2305 2503 enarranda
2324 2459 2482 2504 sunt=
2508 2454 2684 2517 Forte,

1483 2574 1697 2625 NOTAE

500 2678 559 2721 nt
579 2671 702 2721 nihil
725 2673 884 2737 magis
909 2675 1084 2725 Romo
1112 2688 1265 2737 quarn
1290 2671 1551 2721 Hannibal

501 2748 800 2798 timereturz
853 2749 988 2799 unde
1033 2748 1274 2812 proverb.
1315 2747 1550 2797 ‘Hanni-

498 2823 672 2873 balad
697 2824 909 2886 portas?
944 2824 1008 2874 ad
1044 2824 1426 2888 significandum
1459 2839 1550 2873 ex·

502 2906 722 2948 tremum
778 2901 996 2963 quodvis
1054 2902 1355 2965 periculum.
1418 2899 1553 2948 Vide

501 2971 616 3021 Liv.
640 2973 760 3021 Val.
784 2973 927 3023 Max.
950 2987 1027 3024 tx.
1047 2979 1097 3025 4.
1124 2974 1393 3025 Plutarch.
1421 2974 1553 3024 Flor.

502 3049 601 3096 &m
623 3054 676 3094 et
701 3061 817 3109 quse
840 3061 930 3096 nos
952 3058 1015 3099 11⁹·
1055 3048 1161 3098 od.
1183 3053 1262 3098 12.
1287 3049 1553 3099 annotavi-

503 3133 630 3168 mus.

566 3197 599 3241 9
653 3194 827 3244 Devott'
873 3194 1118 3255 sanguinis
1160 3195 1302 3259 etos]
1359 3196 1553 3247 Noster

503 3270 638 3318 enim
693 3270 920 3334 sanguis,
975 3284 1141 3333 sacer,
1194 3271 1448 3333 addictus,
1503 3278 1558 3322 et

503 3346 794 3396 destinatus
851 3347 1058 3396 videtur
1117 3362 1231 3397 esse
1284 3348 1551 3412 placanda

501 3422 594 3471 irae
655 3421 967 3471 Nuniinum:
1012 3427 1027 3452 ⁸
1054 3424 1305 3487 majorum
1359 3423 1554 3474 delicta

503 3496 744 3544 immeriti
771 3497 966 3546 luemus
989 3497 1023 3547 ι’
1056 3499 1266 3563 quippe,
1292 3505 1350 3549 nt
1368 3499 1442 3549 ait
1469 3513 1552 3549 su·-

504 3583 593 3631 pra
619 3570 781 3632 Epod.
806 3585 905 3619 vu.
930 3574 946 3600 ‘
966 3574 1152 3622 acerba
1167 3574 1276 3624 fata
1296 3576 1553 3624 Romanos

505 3650 686 3705 agunt,
707 3644 985 3709 scelusque
1016 3646 1256 3698 frateruae
1293 3649 1452 3711 necis,
1476 3649 1552 3698 Ut

507 3717 821 3765 immerentis
864 3717 1016 3767 fluxit
1061 3720 1111 3767 in
1164 3728 1353 3770 terram
1402 3722 1550 3772 Remi

503 3790 660 3840 Sacer
715 3793 984 3854 nepotibus
1038 3794 1224 3844 cruor.’

507 3865 636 3915 Not.

569 3943 633 3989 10
667 3939 892 4002 Fer-isque
932 3954 1098 3990 rursus
1137 3942 1434 4005 occupabitur
1472 3958 1549 3993 so·

503 4012 623 4076 hm]
677 4015 868 4064 Diruta
913 4015 1055 4071 urbe,
1097 4016 1308 4079 antiqua
1344 4017 1413 4066 ibi
1448 4019 1552 4067 erit

506 4089 748 4151 solitudo,
771 4089 992 4152 virgulta
1012 4096 1067 4139 et
1081 4092 1239 4154 sylvae
1257 4104 1550 4156 nascentur,

505 4164 560 4213 in
580 4163 781 4228 quibus,
795 4171 852 4214 ut
866 4164 1340 4230 olim,stabulentur
1361 4178 1415 4219 et
1434 4183 1550 4233 pas·

1305 3796 1439 3845 Vide
1477 3796 1550 3846 ibi

1629 2680 1815 2722 cantur
1854 2669 2001 2722 ferm.
2083 2671 2271 2735 virgil.
2310 2669 2511 2721 AEneid.
2554 2685 2682 2722 vm.

1630 2745 1647 2773 ‘
1680 2745 1977 2809 Capitolia,’
2018 2745 2203 2810 inquit,
2253 2745 2268 2772 ‘
2299 2744 2472 2794 Aurea
2524 2759 2682 2806 nunc,

1630 2821 1749 2870 olim
1771 2820 2105 2884 sylvestribus
2120 2820 2328 2870 horrida
2345 2820 2545 2871 dumis!
2610 2822 2682 2872 Et

1632 2902 1784 2945 antea
1803 2895 2022 2945 ibidem:
2060 2902 2075 2923 ¹
2093 2896 2229 2945 Haec
2249 2910 2458 2946 nemora
2483 2897 2681 2960 indige·

1629 2984 1707 3021 nae
1730 2970 1892 3020 Fauni
1910 2969 2268 3036 Nympbaeque
2290 2971 2572 3021 tenebant!

1693 3050 1752 3095 ll
1790 3047 2038 3097 Barbarus
2057 3047 2232 3110 victor]
2250 3049 2497 3098 Barbaria
2520 3064 2681 3113 popu·

1625 3123 1689 3173 lis
1713 3123 2031 3188 quibuslibet
2049 3126 2210 3197 Roma
2231 3127 2335 3176 erit
2357 3127 2408 3175 in
2429 3126 2683 3195 direptio·

1629 3213 1765 3262 nem,
1806 3199 2055 3262 praedam,
2095 3207 2151 3250 et
2189 3200 2484 3250 ludibrium.
2553 3204 2683 3253 Sunt

1629 3273 1714 3337 qui
1740 3274 1901 3323 velint
1922 3273 2034 3323 boec
2057 3274 2122 3324 ab
2145 3274 2364 3325 Horatio
2386 3275 2507 3338 dici,
2542 3277 2679 3341 quod

1630 3349 1679 3398 in
1704 3348 2017 3401 exercitibus
2040 3349 2260 3413 Augusti
2284 3358 2442 3415 atque
2467 3352 2681 3403 Antonii

1630 3424 1913 3473 militarent
1950 3423 2155 3474 barbari
2184 3426 2470 3488 complures
2490 3426 2542 3474 in
2565 3429 2682 3479 sub·

1633 3498 1818 3549 sidium
1843 3500 2033 3550 vocati.

1697 3578 1758 3624 la
1796 3574 2004 3638 Qnoeque
2023 3580 2185 3625 went
2201 3575 2372 3640 nesib,
2388 3576 2498 3640 ξω]
2549 3577 2685 3626 Ossa

1633 3649 1834 3699 Romuli
1884 3650 2118 3713 sepulcro
2168 3651 2397 3713 condita,
2450 3652 2684 3717 adeoque

1629 3738 1727 3773 nec
1749 3729 1905 3774 vento
1935 3732 2188 3775 commota
2211 3739 2307 3775 nec
2342 3727 2450 3776 sole
2482 3726 2684 3789 adusta,

1630 3800 1869 3849 extrahet
1892 3801 2054 3851 victor
2088 3801 2308 3851 insolens
2329 3809 2383 3851 et
2408 3801 2684 3865 dissipabit

1629 3874 1804 3938 impie.
1869 3876 1999 3926 Erat
2014 3876 2188 3940 opinio
2206 3877 2543 3941 quorundam,
2568 3892 2686 3941 rap-

1630 3954 1737 3999 tum
1751 3950 1803 3999 in
1820 3951 1977 4000 eoelos
1992 3951 2264 4002 Romulum
2280 3966 2424 4002 esse:
2444 3952 2529 4001 alii
2544 3968 2688 4016 vero,

1630 4037 1744 4071 cum
1785 4024 2038 4087 Varrone,
2082 4027 2381 4076 asserebant
2424 4030 2681 4091 sepultum

1629 4096 1804 4219 Rlomae
1844 4106 1962 4162 post
1996 4101 2206 4165 Rostra,
2238 4103 2320 4152 vel
2353 4102 2406 4151 in
2437 4117 2528 4153 suo
2554 4110 2683 4153 tent-

1628 4183 1663 4232 p
1684 4184 1733 4219 o.
