2984 4867
433 323 566 393 76⁰
1119 322 1432 389 nausnn
1484 338 1875 399 ramento

430 476 592 561 quod
617 476 716 543 ille
743 477 903 537 hunc
932 476 1226 537 scribendi
1251 491 1374 537 arte
1403 478 1581 557 longe
1624 478 2006 556 superaverit,
2048 477 2135 541 uti
2183 478 2369 547 voluit
2395 478 2622 547 Casan·

428 578 644 646 bonus,
685 594 1054 653 consequens
1085 574 1192 634 erit
1222 574 1452 633 Horatii
1481 594 1718 652 quoque
1748 575 1969 633 Satiras
1994 593 2035 651 a
2061 573 2378 651 Lucilianis
2406 573 2621 649 diversi

425 689 669 753 prorsus
718 669 901 728 fuisse
947 668 1199 748 generis,
1241 668 1720 748 quandoquidem
1754 668 2034 733 Horatius
2062 688 2181 746 non
2209 670 2404 735 minus
2430 668 2626 730 evexit

436 765 827 827 Satirassuas
856 784 1034 842 supra
1064 763 1366 833 Lucilium,
1409 783 1585 842 quam
1616 763 1714 822 ille
1743 782 1883 843 suas
1912 782 2085 842 supra
2136 765 2387 829 Ennium
2418 776 2480 825 et
2506 763 2624 824 Pa·

433 860 665 919 cuvium
712 870 1001 921 evexerat.
1085 859 1351 920 Douzam
1399 879 1635 939 quoque
1678 859 1889 939 fefellit
1937 861 2048 919 iste
2096 860 2401 937 Diomedis
2433 860 2622 931 locus,

435 955 570 1017 Hoc
599 974 717 1017 non
740 975 813 1016 eo
834 955 956 1015 dixi
984 955 1144 1034 quod
1165 974 1414 1014 errorem
1442 955 1627 1013 levem
1651 963 1942 1031 tantorum
1969 955 2217 1017 virorum
2244 966 2448 1031 notare
2478 973 2623 1032 gau-

437 1052 631 1125 deam,
661 1052 767 1111 sed
798 1051 984 1111 solum
1017 1060 1084 1127 ut
1111 1050 1529 1121 demonstrem,
1577 1060 1802 1131 quanta
1849 1069 1982 1111 cum
2015 1069 2157 1109 cura
2180 1061 2242 1109 et
2265 1049 2501 1128 cautela
2528 1070 2628 1125 eo·

433 1167 560 1209 rum
587 1167 766 1226 opera
792 1147 988 1224 legere
1011 1155 1301 1224 oporteat,
1324 1146 1423 1205 ubi
1447 1146 1522 1205 de
1546 1165 1609 1204 re
1628 1146 1820 1224 agitur
1839 1146 2092 1205 obscura
2111 1145 2263 1207 adeo
2280 1146 2625 1225 etantiqua.

518 1242 799 1320 Antiquae
827 1242 1033 1301 Satiroe
1060 1240 1135 1300 ad
1167 1242 1377 1301 Scenae
1406 1262 1578 1301 usum
1605 1242 1948 1320 compositae
1982 1242 2264 1301 Naturam
2295 1241 2623 1313 declaravi3

436 1337 675 1417 planum
707 1338 819 1397 feci
847 1330 984 1397 inde
1014 1338 1343 1415 exemplum
1375 1339 1485 1398 sibi
1514 1338 1793 1397 sumsisse
1840 1337 2131 1405 Ennium;
2174 1337 2322 1397 satis
2370 1336 2627 1415 demque

435 1418 842 1494 confirmatum
873 1432 1011 1492 dedi
1041 1433 1216 1492 Ennii
1247 1433 1602 1510 Pacuviique
1633 1432 1896 1511 ejusdem
1925 1451 2057 1492 esse
2088 1432 2320 1511 generis
2349 1450 2483 1507 cum
2512 1433 2628 1493 Sa-

437 1527 561 1587 tiris
588 1528 795 1588 Lucilii
822 1537 883 1587 et
911 1528 1159 1600 Horatii,
1188 1529 1349 1607 quod
1378 1539 1571 1591 tamen
1606 1529 1861 1588 Carmen
1888 1548 2008 1591 uon
2039 1527 2149 1586 nisi
2177 1528 2252 1585 ab
2282 1526 2531 1587 Horatio
2549 1527 2628 1586 ad

441 1642 773 1702 supremum
800 1623 1099 1702 fastigium
1124 1624 1474 1703 perductum
1494 1635 1608 1684 est.
1650 1624 1685 1685 J
1693 1644 1785 1685 am
1811 1623 1886 1682 ad
1910 1624 2156 1684 alterum
2181 1622 2391 1683 Satiroe
2414 1641 2630 1700 genus,

438 1718 600 1799 quod
630 1719 821 1798 recepi
853 1719 1290 1801 exponendum,
1317 1719 1478 1798 quod
1509 1730 1569 1779 et
1596 1720 1786 1798 ipsum
1817 1738 2051 1798 quoque
2079 1721 2152 1778 ab
2183 1719 2429 1799 antiqua
2456 1716 2634 1796 origi-

438 1833 572 1877 nem
604 1813 795 1886 duxit,
823 1825 1057 1894 tempus
1097 1826 1190 1876 est
1238 1815 1554 1877 accedere:
1597 1835 1669 1876 ea
1714 1826 1805 1876 est
1847 1836 1982 1895 quaa
2032 1814 2362 1894 appellatur
2401 1814 2637 1891 ‘Satira

436 1909 837 1968 Varroniana’
865 1910 957 1968 vel
992 1916 1010 1944 ‘
1032 1910 1391 1990 Menippea,’
1429 1910 1592 1990 quod
1625 1911 1843 1990 primus
1873 1911 2000 1989 ejus
2029 1920 2234 1970 auctor
2261 1920 2423 1970 esset
2444 1909 2633 1968 Varro

439 2001 841 2063 Romanorum
881 2004 1282 2077 doctissimus,
1331 2006 1608 2085 quodque
1633 2006 1691 2064 in
1720 2025 1792 2066 eo
1818 2025 1993 2084 opere
2028 2004 2295 2084 Menippi
2325 2002 2635 2071 Gadaren-

440 2098 545 2171 sis,
566 2098 912 2178 Philosophi
940 2100 1169 2179 Cynici,
1196 2120 1388 2160 mores
1415 2101 1675 2161 imitatus
1704 2110 1881 2160 esset.

525 2192 654 2253 Nec
684 2194 813 2254 sola
843 2194 1182 2255 Carminum
1210 2196 1490 2257 varietate
1522 2197 1695 2256 mista
1721 2207 1814 2257 est
1841 2195 1956 2255 ista
2002 2195 2232 2260 Satira;
2281 2212 2417 2252 nam
2444 2192 2634 2252 Varro

440 2288 494 2349 ei
524 2289 955 2367 interposuerat
981 2310 1214 2369 prosam
1246 2292 1591 2364 orationem,
1632 2292 1961 2371 promiscuo
2000 2290 2176 2350 etiam
2206 2309 2317 2350 usu
2352 2290 2549 2348 Graeci
2574 2300 2637 2349 et

443 2383 636 2445 Latini
681 2386 1002 2447 Sermonis.
1087 2385 1486 2473 Quintilianus
1536 2386 1609 2446 de
1655 2386 1858 2445 Lucilii
1909 2386 2100 2445 Satira
2143 2384 2376 2444 locutus
2426 2382 2633 2444 addit:

441 2486 458 2514 ⁸
483 2479 748 2539 Alterum
773 2479 922 2539 illud
953 2489 1048 2540 est
1075 2491 1136 2540 et
1164 2481 1324 2559 prius
1355 2481 1568 2541 Satiroe
1597 2501 1807 2560 genus,
1838 2481 1998 2561 quod
2042 2498 2158 2541 non
2189 2481 2379 2539 solum
2411 2479 2640 2545 Carmi-

444 2593 586 2632 num
617 2575 896 2634 varietate
926 2575 1164 2634 mistum
1188 2574 1457 2635 condidit
1498 2575 1807 2635 Terentius
1854 2575 2059 2647 Varro,
2108 2574 2191 2632 vir
2238 2574 2636 2633 Romanorum

445 2669 875 2730 eruditissimus
895 2671 931 2736 ς’
974 2670 1142 2749 cujus
1187 2670 1302 2730 loci
1351 2670 1529 2731 unica
1574 2670 1893 2730 difficultas
1925 2671 1982 2729 in
2010 2689 2080 2729 eo
2112 2670 2305 2746 posita
2330 2679 2443 2738 est,
2473 2668 2638 2746 quod

445 2765 697 2825 affirmat
741 2765 1140 2833 Quintilianus
1185 2766 1341 2826 hanc
1389 2767 1642 2828 Satiram
1687 2765 2110 2827 Varronianarn
2157 2764 2339 2824 fuisse
2370 2763 2637 2843 priorem.

447 2859 583 2928 Quo
611 2860 767 2919 enim
797 2872 974 2939 pacto
995 2861 1142 2921 illud
1165 2863 1286 2922 fieri
1309 2863 1522 2941 potuit,
1545 2881 1680 2922 cum
1703 2874 1879 2925 oetate
1902 2861 2087 2921 multo
2108 2860 2394 2940 posterior
2413 2857 2641 2918 Lucilio

446 2953 621 3012 fuerit
642 2955 874 3014 Varro?
904 2957 984 3014 At
1016 2957 1266 3017 Satiram
1297 2959 1578 3019 Varronis
1608 2971 1866 3038 tempore
1896 2958 2143 3037 priorem
2170 2956 2373 3027 fuisse,
2402 2974 2473 3014 ea
2499 2972 2640 3014 vero

447 3067 564 3107 non
597 3057 690 3107 est
719 3049 1065 3116 Quintiliani
1094 3072 1284 3124 mens,
1315 3054 1534 3133 quippe
1565 3054 1663 3133 qui
1690 3055 1870 3134 probe
1899 3051 2073 3112 sciret
2098 3070 2227 3109 eam
2249 3049 2450 3108 multis
2468 3048 2641 3108 annis

445 3142 631 3201 fuisse
673 3143 1077 3203 recentiorem.
1178 3146 1245 3204 Id
1288 3146 1496 3219 voluit,
1551 3148 1800 3207 Satiram
1845 3146 2001 3215 hanc
2042 3147 2125 3205 ita
2170 3145 2405 3203 mistam
2449 3143 2639 3221 magis

447 3238 837 3317 compositam
865 3258 998 3298 esse
1027 3237 1105 3298 ad
1136 3240 1310 3299 Ennii
1340 3252 1401 3301 et
1423 3242 1684 3313 Pacuvii,
1708 3243 1890 3321 quiin
1922 3241 2127 3300 Satiris
2159 3240 2282 3299 suis
2312 3238 2497 3297 multa
2526 3239 2641 3307 sibi

446 3332 623 3394 licere
663 3334 996 3405 voluerunt,
1027 3355 1205 3415 quam
1233 3334 1310 3395 ad
1345 3336 1552 3396 Lucilii
1579 3337 1931 3417 exemplum,
1974 3335 2076 3414 qui
2114 3335 2321 3393 Musas
2345 3333 2526 3393 coluit
2551 3352 2644 3392 se-

450 3448 727 3490 veriores.

533 3523 692 3583 Nihil
725 3526 895 3585 nobis
926 3538 1109 3587 restat
1150 3528 1326 3590 hodie
1361 3551 1435 3590 ex
1468 3530 1749 3591 Varronis
1788 3527 2017 3599 Satiris,
2042 3536 2254 3604 proeter
2288 3525 2645 3603 Fragmenta

452 3617 751 3694 quaedam,
806 3639 994 3698 eaque
1043 3624 1351 3683 maximam
1409 3625 1467 3685 in
1506 3635 1745 3719 partem
1795 3622 2253 3703 corruptissima,
2299 3620 2642 3697 titulosque,

450 3729 697 3790 quorum
726 3713 956 3789 plurimi
988 3727 1127 3774 sunt
1153 3717 1440 3799 duplices,
1483 3720 1585 3797 qui
1628 3717 1844 3778 indicio
1892 3731 2051 3786 sunt,
2097 3726 2321 3794 quanta
2361 3726 2522 3775 esset
2548 3733 2647 3773 va·

452 3806 630 3865 rietas
662 3808 1057 3883 materiarum,
1100 3832 1248 3889 quas
1278 3813 1464 3872 Varro
1492 3815 1613 3874 illic
1643 3822 2013 3874 tractaverat.

537 3903 782 3962 Senecae
812 3904 1366 3987 Apocolocyntosis,
1415 3911 1607 3971 Boetii
1654 3911 1729 3971 de
1776 3909 2198 3971 Consolatione
2244 3905 2647 3984 Philosophiae

449 3995 707 4069 libellus,
739 4010 799 4058 et
828 3998 1086 4061 Petronii
1115 4001 1325 4063 Arbitri
1368 4005 1677 4086 Satyricon
1706 4015 1848 4065 suut
1875 4004 2081 4063 Satiroe
2111 4000 2490 4060 Varronianis
2518 4018 2645 4059 om·

455 4093 593 4153 nino
631 4093 871 4155 similes.
