2984 4867
1037 372 1455 423 suessonum
1512 377 1654 427 un.
1702 378 1748 424 t.
1792 363 1856 426 2.

2414 364 2541 429 781

358 512 679 592 Mendici,
708 515 951 591 mimae,
983 513 1389 593 balatrones,
1421 517 1549 583 hoc
1581 538 1789 601 genus
1820 539 2017 584 omne

1339 690 1557 740 No'rAE

356 804 492 859 esto,
531 795 842 860 flagitiorum
885 812 1126 849 nauseam
1169 799 1409 863 ingerere

359 873 443 922 vel
485 871 912 936 flagitiosissimis.
988 873 1133 923 Idem
1176 875 1410 936 Scaliger

355 948 496 1011 alibi,
517 950 730 1013 loquens
752 949 818 997 de
854 949 1096 999 Martiale
1128 950 1298 999 Poeta
1335 951 1410 1000 sic

295 1072 298 1073 a
357 1024 548 1073 babett'
580 1025 597 1053 ‘
619 1025 736 1073 Alia
768 1024 882 1088 ejus
917 1014 1058 1075 foeda
1095 1038 1160 1074 ne
1196 1025 1409 1089 legerim

358 1098 588 1164 quidem,
620 1107 819 1150 tantum
858 1100 1006 1149 abest
1039 1107 1096 1150 ut
1131 1099 1198 1149 ad
1231 1114 1410 1149 ceusu·

357 1190 468 1224 ram
504 1175 719 1225 vocem?
781 1176 892 1239 Ego
925 1176 1092 1225 simile
1115 1175 1238 1239 quid
1262 1176 1343 1224 bic
1367 1177 1411 1225 si

358 1249 539 1300 dixero
563 1252 643 1299 vel
668 1249 863 1313 fecero,
889 1250 1226 1313 condonabis,
1255 1252 1410 1300 immo

357 1327 707 1391 gratulabere,
741 1327 938 1391 pudens
972 1327 1157 1376 lector.
1223 1327 1408 1391 Itaque

359 1412 454 1464 per
475 1402 731 1452 salebrosa
746 1401 1065 1467 pedetentim
1083 1418 1142 1452 ac
1161 1418 1410 1466 suspenso

359 1477 519 1540 gradu
542 1477 802 1527 incedenti
826 1479 947 1528 uiltil
975 1480 1202 1541 noxium,
1224 1476 1413 1530 fortas-

359 1551 431 1600 sis
454 1558 509 1602 et
531 1552 659 1601 utile
684 1553 944 1617 quidpiam
967 1564 1227 1606 occurret.

420 1626 811 1692 Ante-baiarum]
830 1629 998 1680 Multa
1011 1641 1268 1694 nugantur
1285 1633 1410 1681 mul·

330 1700 401 1771 'ti
424 1701 491 1750 de
513 1702 658 1764 hujus
687 1702 825 1753 vocis
848 1705 1176 1769 etymologia.
1236 1708 1408 1769 Syria-

357 1791 470 1829 cam
506 1792 729 1841 agnosco
757 1785 943 1843 sponte
976 1795 1093 1831 cum
1125 1784 1288 1831 veteri
1323 1784 1411 1833 In-

359 1858 614 1913 terprete,
661 1852 749 1916 qui
803 1855 880 1902 sic
920 1855 1127 1904 scribit:
1174 1855 1409 1905 ‘Ambu-

360 1925 494 1976 baiae
515 1925 758 1977 dicuntur
782 1929 1022 1978 mulieres
1055 1929 1282 1980 tibicina!
1317 1932 1409 1980 lin·

360 2016 463 2063 gua
502 2003 765 2065 Syrorum.
834 2004 1042 2053 Etenim
1078 2004 1219 2068 Syris
1264 2005 1409 2066 tibia,

360 2076 471 2125 sive
513 2076 832 2140 symphonia,
869 2078 1140 2128 ambubaia
1181 2078 1409 2130 dicitur.’

360 2150 552 2200 Gravis
573 2152 825 2201 doctrinm
860 2159 913 2202 et
947 2153 1137 2216 ingenii
1166 2155 1409 2217 astipula-

360 2233 504 2275 tores
526 2227 782 2276 accedunt
803 2240 902 2276 non
920 2229 1089 2291 pauci,
1104 2226 1288 2292 Angel.
1309 2230 1409 2280 Ca·

361 2301 549 2364 ninius,
584 2301 750 2351 Isaac.
779 2302 1127 2364 Casanbonus,
1159 2307 1260 2353 &c.
1298 2305 1410 2356 Jos.

359 2375 592 2440 Scaliger
615 2377 666 2425 in
690 2377 903 2428 Varron.
936 2376 1001 2427 de
1036 2378 1181 2440 Ling.
1209 2380 1322 2428 Lat.
1345 2379 1411 2429 ad

364 2464 540 2502 vocem
576 2452 934 2515 ‘simpulumz'
969 2453 1264 2516 ‘Syriacum
1296 2456 1412 2517 est,’

362 2526 549 2591 iuquit,
581 2529 730 2577 ‘nam
756 2535 814 2578 ut
846 2527 1036 2590 About»,
1056 2530 1228 2590 «abab,
1249 2529 1411 2595 αὐλὸς,

362 2602 726 2652 Ambubaiarum
744 2604 962 2665 collegint
997 2620 1026 2653 a
1046 2605 1229 2667 copher,
1249 2608 1264 2633 ⁸
1277 2620 1413 2654 cam-

364 2676 585 2740 phora3’
618 2693 649 2726 a
667 2678 825 2735 sedin,
849 2679 1123 2741 ‘sindon3'
1159 2681 1411 2741 asnbbecu,

363 2754 498 2817 qnod
521 2761 605 2804 est
627 2754 766 2818 apud
784 2756 1074 2819 Danielem,
1098 2757 1115 2785 ‘
1128 2758 1370 2807 sambuca
1380 2759 1413 2820 3’

361 2828 435 2877 sic
455 2830 676 2893 aseploel,
709 2831 979 2894 ‘sempel,'
1012 2839 1068 2882 et
1102 2832 1221 2881 inde
1260 2834 1409 2882 ‘sim-

365 2904 570 2966 pulum’
608 2904 879 2956 fecerunt.’
949 2907 1089 2970 Ergo
1122 2921 1217 2971 per
1237 2908 1415 2958 Ambu-

365 2979 810 3042 heimmcouegia,
844 2981 1091 3030 debemus
1127 2981 1416 3045 intelligere

365 3061 619 3119 quotquot
663 3061 800 3105 artes
842 3057 1152 3105 exercebant
1198 3058 1415 3121 impudi-

365 3142 475 3185 cas,
506 3128 746 3191 ludicras,
774 3131 1098 3194 parasiticos,
1129 3133 1229 3180 διο.
1289 3133 1416 3190 Sne-

367 3212 479 3254 ton.
504 3205 690 3255 Neron.
714 3210 923 3271 cap-27.
944 3208 961 3235 ⁴
984 3207 1273 3257 Coenitabat
1292 3221 1416 3258 non-

366 3292 626 3343 nunquam
648 3280 702 3329 iu
727 3281 952 3344 publico,
973 3283 1108 3331 inter
1130 3289 1415 3332 scortorum

369 3356 532 3404 totius
568 3356 705 3405 urbis
733 3356 1222 3421 ambubaiarumque
1247 3359 1417 3407 minis-

368 3429 536 3478 teria!
602 3431 770 3481 Porro
789 3446 886 3480 non
908 3433 1071 3481 solum
1098 3431 1271 3493 tibias,
1295 3431 1418 3481 alia·

369 3518 469 3567 que
492 3506 832 3555 instrumenta
853 3508 1062 3567 musica,
1087 3507 1177 3556 sed
1213 3517 1266 3556 et
1300 3507 1419 3557 tibi·

369 3581 530 3637 cines,
551 3594 614 3629 ac
635 3580 873 3633 tibicinas
894 3581 1122 3645 corporis
1141 3587 1346 3644 qnaestu
1364 3576 1420 3629 et'

370 3654 612 3705 tibiarum
632 3662 790 3703 cantu
822 3654 977 3704 vitam
1001 3661 1367 3711 sustentantes,
1389 3670 1419 3703 e

372 3729 523 3791 Syria
559 3730 768 3779 Romam
793 3727 1120 3790 confluxisse,
1152 3729 1303 3778 docet
1325 3729 1420 3780 Ju-

372 3804 566 3852 venalis
600 3804 753 3852 etiam
785 3803 896 3853 Sat.
934 3817 1019 3853 nt.
1056 3808 1140 3853 62.
1176 3811 1233 3853 et
1270 3817 1421 3867 seqq.

370 3882 522 3934 ‘Jam
558 3881 757 3945 pridem
788 3882 946 3945 Syrus
980 3883 1031 3931 iu
1070 3882 1296 3932 Tiberim
1330 3880 1421 3929 de-

370 3954 519 4007 fluxit
552 3956 816 4017 Orontes;
849 3958 921 4006 Et
953 3957 1190 4018 linguam,
1224 3961 1280 4004 et
1316 3968 1423 4003 mo-

373 4048 476 4096 res,
512 4042 570 4082 et
606 4046 720 4083 cum
757 4032 965 4082 tibicine
1011 4031 1225 4082 chordas
1270 4029 1420 4079 Obli-

375 4122 520 4172 quas,
562 4122 760 4157 necnon
807 4106 1304 4170 gentilia-tympana
1341 4118 1422 4153 se·

373 4196 487 4233 eum
505 4182 695 4239 -stit,
718 4190 773 4232 et
796 4182 859 4231 ad
884 4181 1091 4232 Circum
1113 4181 1285 4245 jussas
1309 4194 1424 4243 pro·

1485 810 1626 852 stare
1652 805 1879 867 puellas.’
1948 806 2057 856 Ubi
2076 806 2310 868 observa,
2333 809 2544 872 proprie

1483 878 1500 905 ⁴
1521 880 1792 943 tympaua’
1828 882 2000 931 vocari
2038 883 2052 910 ‘
2072 882 2318 944 gentilia?
2348 884 2543 947 quippe

1488 968 1590 1002 vox
1615 963 1693 1004 est
1716 971 1747 1004 a
1769 957 1934 1019 tappiu
1957 957 2191 1019 Syriaca.

1554 1031 1958 1096 Pharnacopolae]
2000 1033 2332 1082 Pharmacum
2362 1041 2416 1083 et
2438 1048 2544 1084 me·

1491 1105 1856 1168 dicamentum,
1878 1107 2097 1157 testibus
2129 1108 2298 1157 Nouio
2330 1116 2385 1157 et
2414 1110 2544 1157 Eus-

1492 1180 1674 1243 tathio,
1706 1172 1826 1231 suu’t
1859 1182 2040 1232 mediae
2065 1197 2237 1243 voces,
2270 1183 2321 1231 in
2360 1182 2542 1232 bonam

1489 1263 1546 1304 et
1589 1256 1771 1305 malam
1829 1265 2026 1319 partem
2073 1259 2306 1321 usurpari
2344 1259 2542 1308 solite:

1490 1330 1626 1379 unde
1660 1339 1716 1380 et
1754 1346 1850 1395 pro
1881 1346 2076 1382 veneno
2109 1333 2277 1396 accipi
2315 1348 2544 1383 nonnun-

1491 1421 1641 1469 quam
1672 1407 1936 1456 docuimus
1975 1407 2117 1456 alibi.
2184 1408 2270 1458 Sic
2304 1414 2358 1457 et
2396 1409 2546 1471 phar·

1462 1483 1767 1546 *macopolae
1807 1483 1935 1533 dicti
1973 1483 2226 1533 interdum
2252 1491 2538 1544 unguenta-

1486 1557 1565 1617 rii,
1588 1557 1884 1620 ntyropoloe,
1924 1556 2269 1621 pigmentarii,
2301 1565 2355 1606 et
2392 1565 2543 1621 qnot-

1486 1637 1614 1695 quot
1635 1639 1864 1681 aroutata
1886 1641 1939 1680 et
1959 1630 2164 1691 odores,
2183 1633 2303 1681 item
2329 1635 2414 1696 qui
2438 1648 2542 1681 nte-

1486 1707 1685 1757 dicatas
1725 1708 1960 1770 potiones
1985 1720 2331 1771 quascumque
2364 1708 2543 1757 diven-

1488 1782 1702 1832 debant.
1765 1783 1851 1832 Sic
1889 1784 2049 1841 etiam
2087 1783 2417 1846 appellantur
2432 1790 2542 1837 ,me-

1485 1858 1590 1907 dici
1610 1858 1684 1906 illi
1708 1857 2098 1908 circumforanei
2131 1865 2186 1908 et
2220 1866 2431 1922 agyrtoe,
2446 1858 2543 1922 qni

1490 1933 1743 1996 imperitae
1761 1932 1902 1996 plebi
1927 1931 2153 1982 remedia
2169 1936 2422 1996 quedam,
2438 1947 2545 1981 ma-

1490 2008 1568 2069 gis
1610 2017 1781 2057 autem
1821 2008 1979 2057 verba
2020 2007 2264 2065 venduut,
2305 2020 2399 2070 per
2429 2006 2544 2056 fora

1490 2090 1547 2131 et
1581 2083 1804 2146 compita
1837 2083 2037 2131 urbium
2061 2083 2391 2132 cursitantes.
2461 2083 2544 2131 De

1492 2158 1568 2205 liis
1609 2157 1740 2206 Cato
1779 2157 1914 2220 apud
1959 2158 2095 2207 Gell.
2133 2171 2173 2206 1.
2196 2162 2288 2209 -15,
2319 2157 2543 2221 ‘Itaque

1491 2231 1701 2296 auditis,
1754 2245 1854 2281 non
1919 2232 2238 2293 auscultatis,
2300 2238 2545 2296 tanquam

1493 2308 1962 2372 pharmacopolam.
2048 2307 2179 2355 Natu
2222 2306 2337 2370 ejus
2382 2308 2541 2355 verba

1494 2382 1797 2432 audiuntur:
1835 2393 2012 2430 verum
2041 2380 2091 2429 ei
2129 2395 2183 2429 se
2217 2394 2366 2430 nemo
2405 2394 2543 2430 com-

1494 2460 1687 2515 mittat,
1710 2458 1754 2506 si
1778 2471 1914 2520 a-ger
1936 2456 2049 2506 est.’

1559 2540 1590 2585 2
1609 2533 1844 2596 Mendici]
1862 2532 2206 2583 circulatores
2221 2532 2548 2595 omnes,phy·

1496 2609 1763 2672 siognomi,
1802 2608 2177 2671 metoposcopi,
2216 2607 2546 2656 chiromanti-

1492 2686 1541 2733 ci
1560 2701 1576 2733 ε
1612 2685 1841 2748 inprimis
1875 2693 2047 2732 autern
2072 2683 2224 2732 Isiaci
2249 2697 2309 2731 ac
2329 2682 2545 2746 Cybele

1492 2758 1810 2818 sacerdotes,
1825 2766 1882 2807 et
1903 2759 2208 2821 quicumque
2234 2757 2544 2806 vaticinandi

1494 2842 1659 2881 artem
1685 2830 1905 2895 professi
1927 2832 2114 2894 stipem
2139 2831 2502 2894 corrogabant.

1557 2905 1747 2968 Mine]
1771 2906 2216 2965 Gesticulatrices,
2232 2907 2547 2967 saltatrices,
2618 2930 2623 2937 ·

1492 2983 1745 3045 ludiones,
1765 2982 2057 3042 histriones,
2078 2983 2287 3031 scenici.
2326 2980 2443 3029 Ἀπὸ
2462 2982 2550 3029 τοῦ

1492 3059 1742 3118 μιμεῖσθαι,
1763 3057 1824 3106 ab
1842 3056 2090 3116 fidendo,
2124 3063 2341 3105 vocatur
2366 3056 2547 3105 mimus

1499 3138 1580 3185 vel
1618 3135 1791 3195 mima,
1828 3133 2059 3198 quisquis
2099 3132 2242 3182 dicta
2288 3133 2367 3182 vel
2405 3130 2547 3181 facta

1497 3211 1747 3274 cujusque
1782 3208 2030 3264 imitatur,
2063 3221 2179 3256 cnm
2209 3206 2437 3267 lascivia,
2457 3219 2548 3254 sen

1497 3299 1641 3340 voce,
1664 3297 1755 3333 seu
1778 3284 2035 3346 praecipue
2059 3287 2226 3343 gestu,
2255 3282 2271 3307 ⁴
2296 3286 2422 3328 nutu
2446 3293 2548 3327 ma-

1497 3359 1753 3421 nibusque
1790 3355 2015 3421 loquax,'
2053 3360 2110 3403 ut
2143 3355 2284 3402 canit
2313 3352 2550 3402 Claudia-

1498 3448 1612 3482 nus.

1562 3504 1868 3567 Balaema]
1915 3504 2158 3553 De.vocis
2177 3504 2331 3567 hujus
2352 3504 2549 3567 origine

1499 3588 1554 3632 et
1578 3579 1951 3645 significatione
1970 3580 2136 3629 adltuc
2164 3581 2258 3629 sub
2282 3580 2464 3643 judice
2488 3581 2549 3629 lis

1499 3662 1597 3706 est.
1660 3657 1821 3704 Vetus
1848 3654 2114 3716 interpres
2139 3655 2454 3704 ‘luxuriosos
2488 3670 2548 3704 ac

1501 3731 1728 3795 perditos
1750 3744 1781 3779 a
1801 3730 2016 3779 Servilio
2035 3730 2312 3779 Balatrone
2331 3729 2346 3751 ’
2381 3730 2548 3779 dictos

1499 3806 1627 3862 vult,
1652 3804 1894 3868 additque
1919 3822 1931 3852 ε
1966 3808 1981 3831 ‘
2003 3805 2086 3854 Ab
2110 3805 2207 3853 hoc
2232 3804 2407 3854 similis
2426 3806 2547 3854 vitae

1498 3880 1727 3929 homines
1770 3886 1889 3928 sunt
1924 3880 2169 3944 appellati
2211 3880 2545 3928 balatrones:

1500 3969 1531 4004 a
1554 3954 1727 4003 balatu
1759 3951 1976 4002 fortasse
2010 3953 2161 4016 dicti,
2196 3968 2311 4017 quse
2350 3967 2448 4001 vox
2471 3953 2548 4000 in-

1499 4036 1639 4078 torta
1660 4035 1743 4077 est
1771 4037 1825 4076 et
1849 4028 2081 4077 ridicula.
2149 4027 2360 4089 Legitur
2384 4034 2439 4074 et
2462 4026 2548 4072 ba-

1503 4103 1784 4162 rathrones,
1826 4102 1915 4166 qni
1947 4102 2079 4150 bona
2118 4114 2212 4149 sua
2251 4099 2548 4149 devorando

1500 4177 1646 4242 quasi
1669 4177 1720 4229 in
1734 4177 2025 4226 barathrum
2044 4174 2275 4225 mittunt.
2308 4171 2470 4223 Iidem
2488 4180 2547 4224 et
