2984 4867
957 434 964 443 ·
1034 434 1111 485 in
1164 432 1480 486 nonum
1500 427 1877 487 &surum
2406 413 2537 489 ¹763

340 575 831 651 pretermiserim,
879 575 1041 654 qued
1070 575 1145 655 ad
1177 574 1559 636 Grammatici
1587 575 1843 639 officium
1873 574 2182 655 pertineat.
2263 577 2449 655 Spero
2473 577 2535 636 id

343 687 624 730 sensuros
652 689 787 730 esse
833 670 1133 742 Lectores,
1180 690 1376 751 neque
1407 664 1535 750 jam
1583 672 1766 732 ullam
1795 671 2227 751 superfuturum
2255 671 2316 730 in
2345 674 2536 732 verbis

342 764 576 825 Horatii
602 763 1043 826 difficultatem:
1074 776 1138 825 nt
1163 767 1225 826 in
1253 766 1409 825 hanc
1434 779 1636 827 curam
1663 768 1957 845 praecipue
1984 758 2245 840 incubui,
2274 777 2342 826 ut
2366 786 2539 846 argu-

340 868 562 932 menta,
590 881 728 939 quoe
757 871 993 933 tractat,
1020 861 1412 929 illustrarem;
1454 862 1769 936 rationum,
1795 881 1945 942 quas
1975 861 2234 934 adhibet,
2264 859 2538 922 solidita·

340 965 460 1015 tem
508 954 881 1035 indigitarem
903 977 920 1023 ;
943 968 1033 1017 ιιιι
1072 957 1404 1037 expedirem
1453 957 1734 1020 circuitus
1777 967 1840 1017 et
1884 958 2184 1035 ambages,
2233 968 2361 1036 per·
2383 970 2534 1035 quas

342 1067 771 1129 nonnunquam
800 1045 1022 1112 incedit
1050 1053 1128 1112 ad
1158 1053 1378 1132 placita
1405 1058 1523 1113 sna'
1551 1052 1977 1125 confirmanda,
2020 1064 2082 1113 et
2122 1051 2199 1111 ad
2242 1052 2537 1113 contraria

339 1145 678 1217 refutanda,
727 1144 821 1206 vel
868 1146 1201 1216 eludenda;
1245 1160 1313 1209 ut
1353 1149 1659 1209 veritatem
1674 1147 2076 1208 'assertionum
2101 1146 2283 1226 ipsius
2312 1145 2538 1207 stabili-

340 1258 501 1307 rem;
543 1248 614 1300 ut
661 1240 948 1301 vafritiem
992 1242 1141 1320 ejus,
1188 1243 1289 1303 ubi
1315 1243 1484 1323 quesi
1513 1262 1587 1302 ex
1615 1241 1846 1302 insidiis
1872 1243 2018 1321 agit,
2068 1261 2203 1320 qnoe
2232 1242 2534 1301 hctorem

337 1335 671 1415 imperitum
692 1335 867 1395 facile
894 1337 1103 1415 fugiat,
1130 1335 1319 1397 oculis
1350 1348 1742 1416 exponerem:
1784 1346 1854 1395 ut
1895 1336 2151 1415 denique
2177 1336 2240 1394 in
2268 1336 2534 1414 apricum

337 1430 659 1510 proferrem
699 1431 1012 1491 ridiculum
1052 1431 1223 1505 illud,
1270 1430 1432 1511 quod
1460 1432 1521 1491 in
1550 1433 1820 1491 omnibns
1847 1449 1996 1510 quas
2025 1441 2331 1509 oppugnat
2355 1431 2532 1491 rebus

340 1526 630 1587 adhibuit.
716 1525 868 1586 Haec
893 1535 1032 1586 sunt
1059 1546 1196 1606 quae
1223 1527 1367 1588 fecit
1394 1538 1535 1588 ante
1563 1547 1656 1588 me
1682 1546 1875 1588 nemo.
1957 1526 2113 1586 Nam
2142 1536 2209 1585 ut
2232 1534 2326 1584 est
2346 1525 2536 1585 Hora-

338 1621 660 1682 tinans-us
688 1619 964 1693 Proteus,
1007 1640 1166 1701 soepe
1194 1621 1413 1682 formas
1442 1620 1748 1695 variando,
1793 1622 2150 1703 Interpretes
2192 1640 2332 1681 snos
2371 1610 2534 1702 smpe

253 1713 262 1717 ’
338 1714 568 1794 effugit,
598 1716 700 1794 qui
731 1736 867 1778 cum
887 1717 1080 1797 ipsum
1100 1717 1542 1797 deprehendere
1560 1716 1891 1796 nequirent,
1912 1725 2222 1797 stupentes
2242 1716 2530 1789 fecerunt,

338 1809 501 1889 quod
543 1822 883 1891 potuerunt.
965 1812 1295 1874 Affixerunt
1341 1814 1396 1873 ei
1440 1832 1846 1893 soepenumero
1889 1831 2129 1874 sensum
2171 1830 2292 1872 non
2340 1811 2531 1872 solum

339 1905 656 1978 diversum,
707 1907 814 1968 sed
849 1909 1038 1969 'etiam
1082 1907 1416 1982 adversum,
1463 1924 1755 1987 quemque
1798 1909 1926 1986 ipse
1972 1925 2044 1966 eo
2088 1906 2223 1967 loco
2269 1905 2533 1993 refellere

338 2002 543 2063 voluit.
627 2003 764 2063 Non
793 2003 954 2082 quod
980 2024 1095 2083 ego
1122 2003 1436 2082 quicquam
1456 2003 1788 2063 detractum
1814 2003 1898 2061 eis
1927 2001 2124 2073 velim,
2142 2001 2242 2079 qui
2271 2011 2409 2060 ante
2435 2020 2531 2061 me

339 2097 590 2159 Horatio
642 2098 995 2159 illustrando
1041 2099 1305 2160 laborem
1351 2118 1524 2158 suum
1574 2096 1990 2159 contuleruntt
2051 2095 2232 2156 laudo
2279 2107 2530 2156 con‘atus

337 2191 588 2265 illorum,
618 2192 704 2252 illi
730 2194 873 2254 mihi
901 2194 1055 2254 viam
1087 2203 1460 2272 aperuerunt.
1542 2194 1605 2253 Si
1631 2192 1835 2272 quain
1863 2211 1926 2252 re
1946 2211 2060 2271 ego
2085 2192 2219 2251 illos
2239 2191 2529 2270 superavi,

338 2306 511 2347 omne
537 2286 684 2348 illud
715 2300 1024 2367 acceptum
1052 2289 1242 2350 refero
1269 2290 1504 2368 magnis
1531 2289 1662 2349 istis
1691 2307 1764 2348 ex
1792 2287 2142 2366 antiquitate
2168 2278 2335 2358 'viris,
2377 2304 2530 2365 quos

337 2382 556 2461 majore
574 2400 711 2443 cum
734 2402 894 2454 cura,
914 2383 1132 2463 majore
1151 2395 1312 2445 certe
1331 2384 1475 2458 otio,
1493 2383 1635 2463 legi,
1663 2382 1986 2443 Homerum
2011 2380 2167 2453 dico‘,
2196 2380 2529 2453 Platonem,

338 2477 741 2553 Aristotelem,
780 2479 1048 2559 aliosque
1097 2490 1219 2540 tam
1259 2478 1529 2553 Graecos,
1570 2498 1748 2559 quam
1792 2477 2054 2550 Latinos,
2097 2492 2248 2556 quos
2292 2474 2531 2536 assidue

339 2582 483 2645 tero,
513 2583 600 2635 ‚ut
639 2574 719 2634 ad
763 2592 967 2634 eorum
1012 2583 1255 2654 gustum
1302 2577 1610 2637 reformem
1652 2593 1869 2647 meum,
1909 2590 2227 2650 eorumque
2267 2570 2529 2631 sontibus

338 2666 567 2746 Ingenii
589 2678 652 2729 et
671 2669 892 2730 Judicii
921 2670 1034 2731 mei
1064 2671 1329 2733 hortulos
1355 2672 1615 2752 irrigem.
2508 2692 2515 2699 ’

420 2763 559 2822 Νοιι
605 2763 846 2838 desunt,
889 2766 1035 2839 scio,
1083 2766 1173 2827 his
1215 2767 1575 2846 temporibus
1618 2766 1720 2845 qui
1751 2782 1968 2844 magna
1994 2763 2098 2823 illa
2124 2762 2380 2822 Nomine
2406 2760 2528 2820 risu

338 2858 662 2938 excipiunt,
703 2860 805 2941 qui
844 2860 1170 2922 reclamant
1195 2861 1493 2935 laudibus,
1528 2860 1742 2941 quibus
1772 2877 1877 2941 per
1904 2855 2348 2918 omnia'ssecnla
2373 2853 2530 2914 cele·

337 2953 488 3013 brati
518 2956 824 3034 ornatique
852 2964 1012 3027 sunt,
1063 2955 1279 3034 quique
1306 2955 1441 3016 illos
1471 2955 1727 3035 spoliare
1763 2953 1950 3013 velint
1974 2952 2045 3011 iis
2074 2949 2330 3022 coronis,
2374 2966 2526 3030 ques

337 3057 504 3109 tento
543 3068 651 3110 sno
677 3049 885 3110 merito
913 3051 987 3110 de
1013 3050 1426 3111 Tribunalibus
1467 3050 1619 3111 adeo
1662 3048 1933 3127 augustis
1976 3054 2364 3126 reportarunt.
2446 3044 2530 3104 At

336 3148 420 3218 bi,
447 3146 592 3205 dn'm
617 3146 798 3207 nimio
824 3145 1145 3208 efferuntur
1174 3146 1371 3207 studio
1387 3165 1520 3207 eam
1541 3144 1845 3205 devitandi
1862 3142 2329 3213 admirationem,
2356 3139 2527 3218 cujus

338 3253 526 3302 mater
563 3253 656 3302 est
699 3242 1052 3321 ignorantia,
1095 3241 1502 3322 imprudentes
1528 3239 1849 3301 discedunt
1873 3239 1950 3298 ab
1979 3238 2163 3298 altera
2188 3237 2313 3308 illa,
2347 3253 2528 3314 quem

337 3337 514 3398 Plato
539 3344 900 3417 nuncupat‘
923 3348 1170 3399 matrem
1199 3336 1544 3431 sapientioess
1586 3353 1838 3415 qumque
1879 3334 2067 3412 prima
2103 3330 2311 3391 oculos
2336 3330 2530 3390 homi·

335 3432 512 3493 nibus
540 3433 783 3510 apernit.
869 3432 1117 3493 Minime
1154 3431 1329 3491 miror
1364 3428 1857 3510 pulchritudinem
1887 3427 2046 3487 illam
2064 3427 2349 3497 divinam,
2390 3444 2526 3503 qum

335 3527 498 3609 apud
537 3526 868 3606 Scriptores
919 3527 1098 3606 longe
1143 3526 1669 3606 praestantissimos
1697 3523 1913 3595 elucet,
1941 3510 2089 3581 istos
2108 3520 2376 3581 homines
2403 3538 2526 3580 non

335 3640 570 3702 capere,
614 3641 807 3700 neque
835 3621 1102 3682 trahere·
1085 3667 1102 3686 .
1146 3642 1357 3704 nempe
1398 3620 1745 3681 infirmiores
1783 3628 1942 3692 sunt,
1990 3635 2169 3697 quam
2212 3625 2282 3676 ut
2320 3615 2527 3677 oculos

335 3717 517 3779 tantis
561 3716 973 3798 splendoribus
1001 3717 1260 3777 intentos
1289 3716 1391 3777 diu
1421 3727 1619 3777 tenere
1646 3723 1908 3795 queant:
1950 3731 2025 3773 ne
2068 3711 2262 3773 dicam
2289 3710 2524 3772 facilem

333 3830 469 3875 esse
495 3830 617 3872 rem
643 3811 937 3890 Antiquos
965 3822 1363 3885 contemnere,
1392 3812 1749 3873 laboriosam
1773 3827 1913 3870 vero
1932 3807 2285 3886 intelligere.

330 3940 338 3949 ·
416 3905 595 3976 Quod
620 3905 699 3967 ed
724 3926 822 3968 me
849 3907 1080 3980 attinet,
1114 3907 1361 3967 Divinos
1389 3907 1525 3967 illos
1548 3906 1724 3966 Viros
1746 3922 1822 3963 ex
1850 3902 2048 3963 animo
2073 3912 2235 3962 totus
2265 3898 2524 3960 admiror

335 4020 714 4081 venerorque.
796 4001 917 4061 Eos
947 4001 1085 4062 mihi
1113 4021 1346 4083 semper
1388 4004 1465 4062 ob
1514 4001 1718 4062 oculos
1760 4017 1940 4081 pono,
1967 3996 2127 4058 velut
2152 3995 2396 4057 Judices
2427 4014 2525 4055 re·

327 4094 548 4159 rendos
587 4109 647 4158 et
692 4098 1085 4177 incorruptos,
1135 4097 1294 4178 apud
1337 4117 1488 4178 quos
1532 4098 1781 4157 libenter
1805 4095 1966 4175 tingo
1995 4089 2356 4153 reddendam
2383 4088 2523 4153 mihi

333 4213 466 4254 esse
490 4194 839 4273 scriptorum
866 4213 1128 4254 meorum
1159 4194 1463 4257 rationem.

412 4288 641 4368 Magna
683 4288 916 4350 interim
944 4287 1129 4351 ducor
1155 4289 1526 4352 Posteritatis
1556 4285 1924 4351 reverentia.
1965 4280 2221 4345 timidior
2247 4298 2424 4363 quam
2450 4279 2522 4341 fi-
