2984 4867
1355 399 1485 461 '753

424 856 942 923 APPENDIX
988 854 1124 921 AD
1171 850 1613 920 NOSTRAS
1659 854 2424 924 ANNOTATIONES

583 1030 670 1082 IN
705 1028 970 1082 multos
995 1026 1330 1082 ODARUM'
1353 1026 1490 1081 SEU
1527 1030 1930 1082 CARMtNUM
1962 1028 2290 1084 nonant.

342 1161 642 1244 Quorsus:
665 1184 923 1250 plerisque
944 1184 1069 1234 locis
1088 1185 1349 1235 attulimus
1367 1184 1497 1237 Julii
1521 1184 1738 1234 Caesaris
1767 1184 2019 1249 scaligeri
2038 1186 2315 1250 censuras,
2335 1190 2390 1235 et
2413 1199 2530 1249 gra-

342 1277 405 1311 ve
427 1273 509 1313 est
533 1278 563 1312 a
582 1272 726 1314 tauto
751 1263 862 1314 viro
879 1263 1076 1324 notari3
1115 1274 1181 1312 ne
1204 1264 1315 1328 quis
1337 1263 1404 1313 ob
1427 1262 1480 1313 id
1504 1262 1727 1313 fortasse
1750 1266 1831 1313 vel
1854 1266 2129 1331 quicquam
2155 1264 2531 1315 detrabendum

341 1342 628 1393 arbitretur
656 1342 723 1392 de
754 1357 953 1393 summa
973 1343 1143 1405 laude,
1164 1357 1314 1407 quam
1338 1359 1368 1392 a
1391 1350 1472 1392 tot
1497 1344 1699 1394 saeculis
1723 1351 2022 1393 meruerunt
2044 1344 2178 1395 011ae
2202 1344 2425 1406 Horatii,
2441 1353 2534 1397 sut

344 1430 540 1472 temere
576 1422 756 1473 credat
796 1420 1116 1488 Scaligerum
1154 1425 1294 1473 velut
1326 1423 1547 1487 quadam
1590 1423 1723 1473 Zoili
1759 1424 1968 1473 vesania
1999 1426 2251 1487 percitum
2285 1424 2532 1474 adversus

342 1503 647 1565 Lyricorum
663 1502 962 1568 Principem
982 1502 1355 1553 debacchatum
1374 1516 1510 1564 esse,
1530 1516 1704 1564 opera.»
1729 1502 1951 1566 pretium
1984 1501 2223 1551 duximus
2243 1502 2328 1553 hie
2345 1502 2537 1552 descri-

346 1582 473 1631 bere
495 1584 749 1646 integram
768 1582 1356 1647 illustrisHypercritici
1378 1582 1708 1642 seutentiam,
1729 1596 1831 1648 qua
1842 1581 2037 1631 nemini
2054 1581 2263 1631 dubium
2285 1582 2536 1648 relinqua·

345 1670 432 1710 tur
452 1664 627 1727 quanti
651 1664 764 1712 illas
784 1663 897 1727 ipse
919 1662 1207 1714 aestimarit.
1286 1662 1374 1713 Sic
1395 1663 1551 1712 habet
1572 1662 1726 1713 Pois‘t.
1749 1662 1842 1713 lib.
1866 1676 1945 1712 vs.
1980 1664 1995 1690 ‘
2016 1663 2111 1712 Est
2152 1658 2404 1712 Horatius
2424 1677 2532 1712 om·

346 1743 487 1790 nium
507 1742 806 1791 Latinorum
829 1740 1233 1808 Graecorumque
1267 1741 1554 1793 Poe‘tarum
1589 1743 2039 1792 elaboratissimus.
2106 1742 2239 1791 Nsm
2264 1742 2315 1791 in
2337 1742 2536 1807 Lyricis

347 1835 499 1885 quern
517 1832 717 1885 sonum,
738 1834 865 1885 quos
886 1836 1143 1885 numeros,
1164 1836 1315 1889 quam
1333 1822 1661 1885 majestatem
1680 1822 1936 1886 quoesivit,
1950 1822 2206 1872 obtinuit:
2230 1837 2346 1886 quae
2364 1822 2547 1872 omnia*

346 1914 462 1950 cum
485 1901 537 1950 in
561 1903 671 1951 aliis
695 1903 925 1966 neglexit
942 1900 1201 1966 operibus,
1217 1902 1517 1951 omislt‘sine
1532 1900 1711 1964 gloria!
1733 1900 2038 1965 dispendio:
2062 1914 2213 1965 quam
2236 1900 2539 1965 puritatem,

348 1982 679 2046 elegantium,
711 1986 1040 2033 venustatem
1080 1983 1131 2031 in
1166 1983 1402 2047 utrisque
1434 1982 1679 2046 appetiit,
1711 1988 2015 2031 consecutus
2050 1979 2168 2031 est!
2229 1982 2301 2032 Et
2322 1988 2536 2046 postea:

346 2062 363 2089 ‘
381 2062 533 2111 Nunc
570 2063 638 2112 ad
672 2062 971 2126 politissima
1004 2062 1118 2126 ejus
1153 2062 1406 2112 Carmina·
1433 2060 1833 2125 contemplanda
1866 2068 2220 2112 transeamus:
2258 2062 2312 2111 iu
2353 2063 2537 2127 quibus

351 2142 736 2192 considerandis
780 2144 945 2206 major
989 2141 1154 2191 laudis
1188 2148 1245 2191 et
1278 2136 1633 2191 admirationis
1672 2150 1826 2206 quam
1872 2141 2221 2205 castigationis
2257 2149 2536 2206 apparatus

352 2222 474 2271 erit.
857 2224 870 2239 ³

416 2303 432 2329 ‘
450 2301 744 2351 Carminum
770 2301 1065 2367 igitur-libri
1088 2304 1171 2352 vel
1201 2301 1436 2367 jucunda
1471 2301 1789 2357 inventione,
1815 2301 1896 2351 vel
1925 2301 2151 2365 puritate
2170 2302 2437 2366 semonis,
2453 2303 2539 2352 vel

351 2379 631 2443 figurarum
654 2389 761 2431 tum
785 2382 1013 2432 novitate
1036 2390 1144 2431 tum
1165 2381 1440 2441 varietate,
1461 2381 1679 2444 majores
1704 2386 1825 2430 sunt
1860 2381 1995 2429 omui
2017 2394 2118 2429 uon
2140 2381 2303 2430 solum
2340 2383 2540 2445 vitupe-

354 2464 573 2523 ratione,
595 2461 690 2510 sed
711 2461 865 2511 etiam
891 2461 1044 2511 laude
1062 2476 1079 2511 z
1111 2475 1281 2529 neque
1301 2461 1412 2510 solo
1434 2459 1640 2509 dicendi
1671 2473 1860 2521 genere
1880 2460 2079 2522 humili,
2106 2460 2537 2524 quemadmodum

355 2542 569 2604 scripsit
590 2541 953 2603 Quintilianus,
981 2540 1235 2597 contenti,
1268 2555 1444 2590 verum
1469 2540 1626 2590 etiam
1649 2540 1855 2590 sublimi
1877 2541 2098 2590 maxime
2121 2540 2538 2591 commendandi.

356 2621 497 2674 Quid
521 2622 654 2672 enim
677 2622 831 2671 altius
854 2629 944 2671 aut
969 2619 1264 2685 praeclarius
1288 2620 1425 2669 illis?

1036 2696 1164 2749 Post
1185 2700 1355 2762 ignem
1374 2698 1595 2747 aetberea
1618 2697 1769 2746 domo

1125 2778 1466 2838 Subductum,
1489 2779 1679 2826 macies
1701 2783 1757 2826 et
1777 2788 1908 2826 nova
1930 2775 2153 2828 febrIum

1041 2856 1218 2907 Terris
1242 2856 1477 2905 incubuit
1501 2855 1715 2916 cohors;

1124 2937 1422 3002 Semotique
1446 2935 1589 3000 prius
1613 2934 1760 2984 tarda
1782 2935 2063 2985 necessitas

1041 3019 1159 3068 Leti
1180 3016 1432 3080 corripuit
1451 3015 1683 3080 gradum.

360 3100 492 3150 Item
516 3100 658 3149 istis?
1036 3096 1289 3147 Scriberis
1312 3096 1467 3145 Vario
1490 3094 1665 3156 fortis,
1688 3100 1742 3144 et
1764 3090 1990 3145 bostium

1038 3176 1240 3237 Victor,
1263 3174 1475 3224 Maeouii
1501 3173 1741 3224 carminis
1761 3173 1891 3236 aliti,
1927 3178 2028 3225 stc.

359 3260 493 3309 Item
511 3261 534 3308 ?
1042 3254 1182 3309 Qnis'
1195 3256 1422 3306 Martem
1444 3255 1622 3304 tunica
1645 3262 1840 3305 tectim
1864 3254 2191 3306 adamantina

1037 3337 1206 3401 Digne
1231 3334 1520 3400 scripserit,
1542 3338 1640 3384 &c-

363 3420 534 3469 Item?
675 3434 681 3440 ·
1682 3413 1777 3462 sub
1800 3413 2087 3477 lacrymosa
2107 3414 2275 3476 Trojae

1035 3498 1259 3559 Funera,
1282 3511 1346 3546 ue
1371 3494 1531 3543 virilis

1094 3577 1278 3625 Cultus
1298 3576 1348 3623 in
1370 3575 1566 3623 coedem
1583 3581 1638 3622 et
1657 3573 1843 3636 Lycias
1863 3573 2152 3636 proriperet
2168 3579 2423 3621 catervas.

362 3660 536 3713 item?
1042 3656 1300 3705 Permitte
1325 3654 1470 3704 Divis
1493 3658 1688 3714 cetera,
1709 3652 1793 3716 qui
1818 3652 1970 3701 simul

1036 3736 1277 3785 stravere
1300 3744 1477 3783 ventos
1502 3748 1706 3797 aequore
1729 3732 1931 3782 fervido

1103 3815 1517 3879 Depraeliantes3
1549 3827 1646 3862 nec
1669 3816 1920 3876 cupressi,

1201 3896 1315 3944 Nec
1341 3900 1545 3943 veteres
1571 3893 1829 3955 agitantur
1850 3893 1981 3941 orni.

371 3977 498 4029 Haec
520 3984 575 4029 et
598 3978 695 4033 alis
721 3990 815 4042 per
837 3976 1205 4041 portiunculas.
1272 3974 1344 4023 At
1368 3974 1452 4023 illa
1479 3980 1620 4022 tots:

1048 4055 1212 4105 Quem
1240 4054 1399 4102 virum
1426 4059 1517 4102 aut
1536 4052 1694 4100 beroa
1720 4053 1832 4115 lyra
1855 4053 1935 4101 vel
1960 4052 2070 4102 acri

1046 4135 1199 4184 Tibia
1224 4148 1392 4183 sumes
1416 4132 1703 4195 celebrare,
1726 4132 1874 4181 Clio?

1053 4215 1220 4267 Quem
1244 4212 1445 4262 Deum?
1475 4214 1580 4260 ὅτε.

497 4298 671 4362 Delph-
691 4303 740 4348 et
761 4298 878 4348 Vur.
897 4298 1029 4347 Clas.
1427 4292 1607 4343 Horat.
2028 4312 2037 4321 ·
2305 4292 2335 4338 8
2372 4290 2414 4338 B
