2984 4867
1024 439 1439 489 oanumuu
1492 439 1641 489 mn.
1687 439 1790 487 ιν.
1836 424 1941 488 14.

2430 399 2568 489 63ι

712 581 1067 666 Nilusque,
1094 587 1164 646 et
1192 581 1396 659 Ister,
1424 588 1490 647 te
1522 581 1806 667 rapidus
1827 580 2074 665 Tigrim

789 682 891 746 Te
914 682 1255 747 belluosua
1277 685 1390 767 qui
1414 686 1696 749 remotis

875 781 1215 868 obstrepit
1242 786 1555 850 Oceanus
1587 783 1947 860 Britannis,

369 951 2560 1019 NilnmmoedarigimabsendmuDonabias,teoekaemssffis,TeOcn·

367 1019 1222 1085 mbdlmedaomqaisepsrotis
1256 1020 1511 1070 Britannis
1542 1020 1878 1082 obium-maret,
1908 1024 1955 1069 te
1985 1019 2121 1081 regio
2156 1019 2334 1069 Gallie
2364 1023 2562 1068 nortem

1282 1161 1640 1182 OOMOOOOOO

360 1256 435 1305 ld
453 1257 830 1319 origines-⁹46
850 1259 1081 1322 Nilusque

366 1319 513 1383 Lips.
532 1325 581 1371 ⁸.
601 1330 655 1371 et
676 1323 897 1372 Mentel.
917 1328 968 1372 et
988 1323 1185 1386 vatidus

1084 1293 1099 1316 ,
1122 1264 1171 1308 te
1193 1259 1322 1309 Ister
1343 1257 1639 1310 Helmstad.
1660 1273 1692 1308 a
1713 1273 1782 1309 m.
1804 1272 1909 1308 sec.
1942 1258 2073 1308 Ister
2091 1259 2375 1323 rapidusqnoe
2394 1258 2562 1320 Tueris

1213 1322 1377 1382 finis
1402 1321 1461 1371 Li
1503 1336 1547 1372 s.
1568 1326 1619 1372 4.
1652 1327 1703 1373 te
1735 1323 1860 1386 trapi
2021 1323 2033 1335 ⁸

1860 1324 1949 1371 dus
1974 1323 2137 1385 Tueris
2169 1321 2257 1373 ed.
2291 1322 2560 1386 crypt-.—

363 1386 430 1431 ⁴7
466 1381 782 1436 remam
817 1387 994 1437 Bentl.
1033 1387 1253 1448 Cuning.
1276 1386 1444 1435 Wake
1470 1420 1484 1436 .
1518 1393 1575 1434 et
1598 1386 1756 1452 thq.
1823 1386 1926 1435 Sed
1956 1385 2061 1435 vid.
2094 1386 2287 1437 cellar.
2309 1385 2560 1449 Orthogs.

365 1447 487 1497 Lat.
508 1449 593 1500 ed.
623 1450 830 1501 Harlos.
862 1459 990 1501 tom.
1014 1464 1052 1500 1.
1090 1465 1145 1515 p.
1172 1454 1284 1501 188.
1318 1464 1409 1513 que
1445 1445 1640 1499 reu-otis
1671 1451 1811 1514 conj.
1847 1450 2026 1500 Bentl.
2089 1449 2215 1500 vid.
2240 1450 2362 1499 Var.
2389 1451 2559 1500 Lectt.

1348 1578 1570 1654 ‚nome

428 1677 495 1725 46
532 1673 696 1737 Nilos]
733 1675 1023 1737 Metonym.
1065 1688 1162 1739 pro
1196 1673 1422 1738 AEssypto

363 1750 621 1814 provieta‚
661 1764 812 1814 quam
852 1752 989 1815 rigat
1030 1759 1088 1801 et
1131 1750 1420 1800 t'oeeundam

296 1825 305 1834 '
363 1824 539 1874 reddit
556 1825 903 1876 exundatione
921 1840 1012 1875 sua
1027 1824 1213 1875 fluvius
1233 1826 1320 1874 ille
1337 1825 1421 1875 vel

354 1903 472 1952 solo
500 1909 649 1951 notus
682 1902 903 1952 nomine.
972 1903 1052 1951 De
1075 1916 1138 1952 eo
1163 1901 1312 1964 plura
1335 1913 1418 1950 m.

363 1975 471 2028 od.
494 1980 543 2026 3.
565 1980 647 2027 48.
706 1976 926 2027 Fontius
945 1977 1029 2041 qai
1050 1977 1171 2026 celse
1192 1975 1422 2037 origines.

361 2052 501 2102 l’lin.
532 2052 621 2103 lib.
654 2067 705 2101 v.
747 2067 859 2118 cap.
894 2057 944 2103 9.
1013 2057 1028 2082 ⁸
1062 2051 1213 2101 Nilus
1255 2051 1422 2100 ineer-

362 2130 433 2196 tis
460 2136 603 2179 ortus
641 2128 903 2191 sontibus,'
933 2132 1031 2178 dte.
1097 2129 1182 2177 lta
1211 2123 1422 2191 quidem

364 2213 593 2254 veteres:
625 2211 681 2254 at
699 2204 853 2255 modo
874 2211 1168 2268 compertus
1191 2212 1272 2253 est
1295 2202 1422 2252 oriri

362 2277 565 2329 duobus
585 2293 615 2329 e
637 2277 865 2328 fontibus
901 2280 952 2329 iu
977 2277 1239 2342 AEtliiopia
1268 2292 1419 2340 supe·

246 2353 261 2366 ³
362 2353 485 2403 riori
509 2367 768 2418 regnoque
791 2353 1196 2416 Abasseuorum,
1211 2353 1261 2402 in
1282 2361 1421 2402 terra

360 2429 630 2493 Sambala,
646 2430 784 2481 inter
804 2432 1038 2480 excelsos
1062 2440 1295 2490 montes3
1330 2444 1417 2480 au·

362 2503 518 2570 ‘getur
532 2516 653 2553 vero
670 2504 889 2566 primum
906 2501 1074 2553 fluviis
1088 2503 1276 2565 Gema,
1289 2504 1415 2554 Kel-

364 2579 424 2640 ti,
445 2579 649 2636 Branti.
669 2579 881 2643 aliisque
905 2577 1123 2629 subinde
1145 2579 1416 2642 compluri-

360 2654 476 2705 bus.
530 2654 612 2703 De
639 2654 746 2705 Nili
768 2653 971 2718 origine
993 2667 1158 2718 nuper
1179 2653 1418 2704 disseruit

364 2729 568 2780 erudite
588 2729 797 2779 Issaeos
819 2729 1064 2791 Vossius3
1101 2743 1300 2779 necnon
1318 2727 1418 2780 Mi·

358 2805 510 2856 chael
534 2805 658 2855 Ant.
679 2804 1019 2855 Bandraudus
1032 2805 1091 2853 -in
1111 2818 1202 2853 suo
1225 2803 1420 2854 Lexieo

364 2895 456 2930 seu
478 2880 863 2931 Commentario
884 2879 947 2929 ad
982 2880 1208 2943 Philipp.
1239 2879 1420 2929 Ferra-

363 2969 510 3006 num.

430 3026 579 3091 Ister]
612 3027 715 3079 Seu
755 3028 1038 3091 Danubius,
1069 3026 1255 3077 fluvius
1285 3026 1416 3078 Ger·

362 3105 546 3154 maniae
587 3104 854 3159 maximus.
893 3117 986 3167 per
1018 3102 1159 3162 pstia
1196 3116 1288 3151 sex
1328 3111 1418 3152 aut

358 3187 566 3244 septem
608 3179 660 3229 in
705 3180 963 3229 Euxinum
1013 3192 1154 3228 mare
1205 3177 1417 3228 labitur.

362 3254 623 3306 Ammian.
650 3254 889 3304 Marcell.
916 3254 1139 3304 Ptolem.
1161 3255 1262 3302 dte.
1323 3254 1417 3316 Sy-

363 3330 512 3380 need.
543 3343 639 3395 pro
660 3329 965 3391 Germania,
983 3342 1135 3393 qnam
1164 3331 1181 3357 ‘
1201 3330 1276 3379 sie
1300 3342 1417 3393 por-

363 3405 561 3458 domnit
582 3406 825 3457 Tiberius
851 3406 1014 3466 Nero,
1034 3413 1094 3455 ut
1120 3406 1171 3455 in
1202 3404 1416 3455 formam

362 3495 512 3545 pene
532 3480 881 3544 stipendiariae
921 3479 1178 3542 redigeret
1211 3481 1417 3544 provin·

362 3556 460 3606 elae
480 3572 493 3606 ι
527 3569 689 3620 quare
708 3562 818 3604 tum
839 3555 973 3604 alter
992 3554 1280 3619 triumphus
1298 3570 1415 3624 oum

363 3631 529 3680 altero
550 3630 821 3681 consulatu
845 3630 893 3679 ei
915 3630 1113 3680 oblatus
1133 3629 1246 3680 est-⁹
1281 3631 1415 3682 Veli.

364 3705 578 3755 Patere.
604 3705 694 3757 lib.
717 3717 779 3755 n.
791 3705 902 3768 jam
928 3719 1070 3769 saepe
1093 3705 1271 3755 citato.
1321 3707 1421 3756 Vel

362 3781 535 3844 potius
567 3779 894 3844 intelligendi
923 3787 1044 3829 sunt
1080 3771 1301 3844 provieti
1331 3796 1421 3846 po·

362 3856 471 3922 puli
495 3855 562 3906 ad
586 3856 778 3906 Istrum
800 3869 982 3919 usque,
1002 3855 1207 3907 scilieet
1227 3855 1424 3912 Vinde-

360 3931 469 3993 lici,
489 3932 766 3994 Pannonii,
786 3931 938 3995 Daoi,
957 3934 1057 3982 &e-

426 4008 645 4071 Ropidas
661 4006 847 4070 Tigris]
882 4006 936 4057 Is
952 4007 1213 4058 Armenia
1234 4006 1421 4059 fluvius

363 4083 528 4134 oritur
562 4097 592 4133 e
625 4083 889 4133 montibus
922 4079 1168 4147 Araratb,
1190 4083 1425 4148 Euphra-

366 4164 467 4207 tem
485 4157 696 4221 recipit,
709 4157 763 4208 in
780 4157 945 4207 sinum
967 4156 1234 4209 Persicum
1257 4155 1420 4210 effun-

362 4231 520 4285 ditur.
570 4233 744 4298 Supra
767 4246 945 4284 omues
971 4233 1111 4285 Asiae
1134 4232 1320 4287 fluvios
1338 4250 1419 4287 rs·

1503 1672 1675 1738 pidus,
1702 1687 1888 1724 nomen
1927 1673 2152 1738 adeptus
2187 1681 2300 1735 est;
2337 1687 2400 1724 eo
2422 1667 2562 1738 quod

1503 1755 1609 1798 tam
1633 1750 1785 1797 velox
1816 1762 1931 1799 esse
1959 1747 2200 1799 videatur
2221 1763 2374 1814 quam
2398 1750 2563 1812 sagit-

1504 1832 1577 1884 ta,
1591 1838 1707 1888 quae
1727 1824 1876 1886 tigris
1892 1825 2184 1888 appellatur
2199 1824 2338 1888 apud
2360 1822 2561 1873 Medos.

1501 1898 1637 1948 Vide
1661 1899 1798 1947 Plin.
1821 1911 1899 1949 vt.
1919 1902 2002 1948 27.
2070 1899 2239 1948 Porro
2264 1898 2562 1961 judicantur

1499 1972 1586 2021 hio
1614 1973 1812 2035 Parthi,
1831 1974 1917 2038 qui
1941 1973 2207 2035 Armenia,
2226 1987 2379 2039 quam
2416 1982 2562 2024 tene-

1498 2049 1646 2110 bant,
1665 2049 1902 2112 Augusto
1912 2050 2138 2113 jubente
2153 2057 2446 2112 cesserunt,
2465 2051 2560 2100 im·

1497 2139 1581 2175 mo
1605 2125 1751 2188 signa
1775 2126 1926 2175 vietis
1943 2126 2186 2176 Romanis
2208 2133 2393 2190 erepta
2418 2127 2560 2175 ultro

1500 2201 1833 2263 remiserunt,
1849 2208 1906 2250 ut
1928 2199 2121 2251 dictum
2146 2208 2245 2264 est,
2269 2214 2358 2250 ιιι.
2381 2197 2486 2250 Od.
2508 2207 2559 2250 5.

1563 2280 1625 2326 47
1666 2275 1732 2326 Te
1764 2276 1995 2326 hennom
2030 2277 2134 2339 qai,
2170 2275 2276 2338 ξι]
2315 2275 2561 2326 Oceanus

1498 2349 1831 2400 Britannicus
1861 2364 1953 2413 pro
1987 2350 2100 2414 ipsa
2134 2350 2410 2401 Britannia
2445 2351 2562 2400 Ma·

1488 2425 1631 2489 jore,
1649 2440 1763 2491 qum
1804 2425 1956 2475 modo
1992 2423 2179 2491 Anglia
2211 2431 2558 2490 nuncupatur.

1497 2499 1637 2550 Nam
1670 2501 1736 2550 ab
1766 2501 1917 2564 hujus
1941 2501 2121 2551 insulae
2156 2501 2469 2565 primoribus
2494 2502 2559 2551 ad

1500 2574 1789 2638 Augustum
1823 2576 1991 2627 missa
2027 2583 2149 2627 sunt
2177 2577 2469 2642 legationes
2493 2578 2561 2628 ad

1500 2651 1780 2701 amicitiam
1803 2652 1917 2716 ejus
1937 2652 2321 2718 deposcendam
2342 2671 2357 2705 ι
2391 2663 2450 2704 nt
2473 2669 2561 2704 an·

1501 2727 1697 2787 notavi,
1720 2727 1786 2776 ad
1809 2740 1895 2776 m.
1920 2727 2026 2778 Od.
2049 2734 2100 2779 6.

1568 2802 1839 2866 Bellaosas]
1878 2804 2084 2854 Novum
2114 2805 2428 2869 epithetum,
2466 2805 2557 2854 sed

1502 2879 1854 2943 aptissimum:
1891 2878 2027 2941 quod
2054 2887 2113 2929 nt
2145 2880 2423 2945 intelligas,
2456 2884 2559 2931 lec·

1502 2961 1604 3016 tor,
1635 2954 1844 3004 consule
1880 2953 2123 3018 Plinium,
2158 2968 2236 3005 ix.
2271 2962 2320 3007 6.
2361 2956 2450 3006 ubi
2485 2958 2559 3006 sie

1499 3029 1691 3079 habet:
1727 3029 1744 3056 ‘
1769 3028 1842 3078 D.
1867 3026 2107 3093 Angusto
2140 3030 2341 3094 legatus
2368 3031 2557 3081 Galliae

1499 3104 1725 3168 scripsit,
1762 3104 2056 3168 complures
2096 3106 2147 3154 iu
2181 3106 2360 3157 littore
2399 3122 2560 3171 appa·

1500 3193 1614 3230 rere
1660 3180 1922 3230 exanimes
1978 3180 2559 3233 Nereidas...Tiberio

1500 3253 1748 3319 Principe
1766 3264 1949 3305 contra
1962 3255 2110 3306 littus
2129 3255 2407 3305 insularum
2425 3255 2563 3321 Lug·
2673 3257 2682 3266 '

1497 3330 1741 3381 dunensis
1781 3331 2058 3394 provincio
2094 3330 2291 3380 belluas
2338 3331 2558 3393 amplius

1498 3409 1759 3457 trecentas
1779 3405 1933 3455 simul
1966 3405 2295 3468 reelprocans
2319 3403 2562 3454 destituit

1498 3481 1762 3543 Oceanus,
1783 3482 1928 3530 mirae
1963 3479 2227 3528 varietatis
2265 3487 2323 3529 et
2356 3481 2556 3543 magui·

1500 3555 1724 3606 tudinis:
1760 3568 1857 3604 nee
1883 3554 2151 3616 pauciores
2186 3554 2237 3602 iu
2269 3555 2555 3604 Santonum

1496 3634 1674 3684 littore
1690 3651 1707 3696 ς
1738 3635 1974 3697 interque
1992 3632 2239 3697 reliquas,
2252 3634 2558 3698 elephantos

1493 3717 1553 3760 et
1609 3708 2183 3772 arietes...expulsam
2232 3708 2453 3758 belluam
2504 3710 2558 3758 in

1494 3786 1677 3836 littora
1720 3784 2006 3844 Gaditana,
2058 3784 2205 3847 cujus
2248 3784 2384 3834 inter
2428 3784 2558 3834 duas

1498 3862 1683 3925 pinnas
1715 3861 1910 3911 ultima
1947 3858 2129 3909 eandm
2167 3860 2345 3910 cubita
2373 3859 2559 3909 sexde-

1496 3935 1597 3985 cim
1624 3933 1865 3996 fuissent,
1887 3933 2069 3984 dentes
2091 3934 2320 3998 ejusdem
2351 3942 2558 3985 centum

1500 4020 1557 4063 et
1590 4011 1792 4076 viginti,
1810 4010 2020 4060 maximi
2054 4008 2383 4060 dodrantium
2416 4023 2561 4060 men·

1501 4102 1640 4145 sura,
1658 4087 1851 4138 minimi
1873 4084 2207 4150 semipedum.
2237 4085 2456 4146 Bellum,
2475 4085 2559 4133 eui

1500 4161 1772 4214 dicebatur
1787 4161 2026 4226 exposita
2040 4159 2196 4209 fuisse
2215 4157 2563 4222 Andromeda,

1501 4253 1620 4291 ossa
1641 4238 1820 4290 nom
1854 4239 2131 4300 apportata
2163 4246 2229 4282 ex
2251 4231 2446 4297 oppido
2465 4232 2565 4285 Ju-
