2984 4867
1082 380 1504 431 annuorum
1552 382 1698 431 mn.
1734 384 1793 449 J.
1832 369 1898 433 4.
2450 370 2583 436 823

398 520 758 603 Accipiam
785 520 1097 602 tabulas3
1140 522 1339 591 detur
1365 526 1561 590 nobis
1590 525 1809 604 loona,
1837 526 2024 603 hora,
2495 527 2582 591 15

397 687 531 734 modo
550 703 568 735 .·
598 688 872 750 ωείετιείιιι·
891 690 1023 740 nobis
1038 693 1183 755 locus,
1201 693 1334 754 hora,
1354 694 1671 744 observatores
1694 709 1711 743 t
1743 694 1983 744 videamus
2004 698 2111 743 uter
2123 695 2261 757 plum
2276 692 2478 744 scribere
2497 707 2580 741 ua-

1310 833 1667 855 OOOOOOOOOO

397 925 503 973 rius
540 927 811 985 Maximus,
843 943 908 978 n.
930 935 980 979 Β.
1002 935 1054 980 2.
1086 932 1102 959 ⁶
1123 931 1358 980 Valerius
1397 931 1672 1016 sponsione
1711 932 1972 981 Lutatium
2015 930 2334 994 provocavit,
2376 930 2448 979 Ni
2485 945 2579 978 suo

397 988 558 1038 ductu
584 990 783 1040 Punica
802 993 978 1041 classis
1000 1002 1136 1052 esset
1163 1009 1425 1057 oppressa.
1500 994 1774 1043 Petronius
1794 995 2027 1056 Tragurii
2052 1002 2317 1057 repertus:
2349 996 2364 1021 ⁸
2386 995 2453 1043 Et
2476 1008 2578 1043 coe-

396 1053 475 1115 pit
513 1053 730 1103 subinde
765 1055 1021 1106 dominum
1050 1072 1194 1106 snum
1219 1058 1491 1120 sponsione
1517 1069 1819 1119 provocare,
1852 1060 1920 1106 Ni
1947 1058 2179 1118 prasinus
2239 1058 2442 1105 roximis
2465 1056 2578 1105 Cir-

396 1117 636 1166 censibus
657 1119 871 1182 primam
898 1120 1152 1184 palmam.’
1221 1122 1388 1171 Recte
1409 1122 1592 1183 opinor
1625 1122 1736 1169 haec
1766 1121 2087 1183 proceduntt
2130 1136 2185 1171 se
2262 1119 2389 1183 quid
2418 1119 2578 1168 facia-

394 1192 510 1227 mus
533 1180 621 1230 illo
643 1183 866 1232 minimo?
932 1186 1095 1233 Deest
1125 1185 1375 1247 siquidem
1413 1184 1649 1246 pecuulae
1692 1197 1903 1240 summa,
1933 1198 2083 1247 quam
2156 1184 2361 1233 erderet
2396 1183 2460 1242 is,
2492 1185 2579 1247 qni

395 1244 671 1304 sponsione
711 1247 1025 1298 vinceretur.
1092 1246 1345 1297 Asconius
1370 1248 1629 1297 Pedianus
1651 1250 1701 1296 iu
1724 1249 1997 1297 Verrinam
2021 1249 2086 1298 de
2157 1255 2345 1296 roetnra
2368 1246 2578 1296 Urbana

396 1321 448 1369 p.
473 1310 587 1356 100.
622 1314 636 1336 ·
660 1310 944 1372 Sponsione
968 1313 1077 1372 ipse
1103 1314 1413 1374 provocatur
1434 1310 1502 1359 ab
1524 1311 1856 1368 adversario,'
1889 1320 2053 1360 certae
2077 1312 2308 1374 pecunia
2332 1316 2420 1360 aut
2443 1312 2583 1358 msti-

395 1371 653 1430 mationis‚
686 1376 701 1401 ⁸
726 1387 875 1438 quam
914 1377 1139 1435 amittat,
1173 1376 1243 1425 Ni
1275 1390 1366 1423 sua
1403 1377 1471 1423 sit
1509 1375 1782 1424 ltaereditas
1813 1375 1879 1422 de
1907 1390 2010 1437 qua
2030 1374 2331 1422 contendit.’
2394 1372 2578 1423 Cicero

394 1432 507 1495 ipse
540 1435 589 1483 in
613 1435 829 1485 Verrem
861 1437 928 1486 de
965 1437 1263 1497 Frumento,
1304 1453 1352 1486 c.
1372 1442 1453 1486 58.
1485 1439 1502 1466 ⁸
1528 1439 1592 1487 P.
1613 1438 1903 1486 Scandilius
1927 1438 2140 1487 eandem
2165 1437 2487 1500 sponsionem
2511 1438 2576 1486 de

393 1497 644 1548 societate
680 1498 837 1550 fecit:
873 1501 1013 1550 facta
1046 1511 1128 1550 est
1167 1502 1374 1564 sponsio
1404 1501 1709 1567 Sestertium
1742 1501 1863 1562 quin
1902 1515 1965 1549 ue
1995 1500 2258 1550 millibus!
2339 1500 2486 1549 Idem
2521 1501 2575 1549 in

396 1561 615 1611 eundem
639 1562 705 1611 de
727 1564 1027 1628 Suppliciis,
1060 1579 1108 1613 c.
1131 1570 1212 1613 54.
1244 1566 1260 1593 ‘
1286 1565 1486 1627 Cogere
1521 1579 1637 1613 eum
1671 1565 1852 1627 coepit,
1918 1565 2184 1613 estertium
2209 1562 2407 1612 duobus
2430 1563 2577 1612 milli—

397 1624 491 1673 bus
513 1628 834 1687 sponsionem
858 1627 1035 1677 facere
1058 1642 1174 1676 cum
1198 1629 1384 1678 lictore
1407 1643 1521 1689 suo,
1553 1628 1623 1677 Ni
1646 1626 1799 1676 furtis
1822 1637 2071 1691 questum
2096 1626 2333 1677 faceret?
2395 1625 2575 1690 Vides,

394 1690 596 1784 opimat,
632 1698 826 1767 certam
864 1692 1100 1755 pecuniae
1139 1705 1383 1741 summam
1423 1693 1475 1740 iu
1519 1692 1874 1767 sponsionibus
1915 1693 2131 1768 exprimi
2167 1692 2354 1766 solere..
2436 1689 2575 1740 Quid

395 1753 1206 1878 3223ss.>¹.;213:3'?.·0233.¹..¹5.2²35
1222 1756 1525 1881 02:2¹3&
1531 1764 1705 1867 '2¹32'ssss
1722 1754 1930 1880 §31:35
1931 1770 2078 1867 2253
2084 1754 2578 1882 ἕῖᾧᾛὶὲέξῗέἕὲῗ

393 1878 535 1927 sione
566 1880 822 1931 lacessere
858 1883 1040 1941 ausim,
1073 1883 1142 1932 Ni
1168 1896 1292 1931 vera
1313 1889 1368 1932 et
1391 1882 1603 1930 indubia
1627 1882 1714 1945 sit,
1754 1881 2002 1945 Crispinus
2034 1896 2217 1930 nummo
2238 1895 2311 1929 me
2336 1886 2575 1942 prooem.

397 1942 537 1991 Nihil
558 1944 746 1995 clarius
769 1946 1067 2008 argntinsve
1089 1945 1194 1994 dici
1234 1953 1426 2008 potest.
1491 1945 1721 2008 Oblique
1743 1945 1877 1994 enim
1902 1944 2192 2007 Crispinum
2220 1945 2406 2006 tangit,
2429 1947 2575 2008 qnasi

396 2018 614 2065 egenum
649 2017 700 2058 et
733 2009 1055 2060 mendicum:
1094 2010 1179 2071 qni
1214 2024 1317 2059 non
1356 2009 1544 2072 majore
1567 2010 1807 2072 pignore,
1827 2023 1980 2072 quam
2005 2022 2105 2058 uno
2127 2022 2352 2067 nummo,
2368 2014 2574 2056 certare

397 2069 633 2120 voluerit.
697 2073 971 2122 Servorum
995 2073 1130 2121 euim
1151 2079 1207 2120 et
1231 2073 1660 2135 pauperculorum
1682 2080 1815 2130 erat,
1836 2086 2041 2122 nummo
2067 2072 2366 2135 sponsiones
2388 2070 2573 2120 facere.

395 2130 615 2182 Plautus
653 2136 873 2197 Epidico
911 2136 1030 2186 Act.
1053 2150 1107 2184 v.
1130 2139 1181 2184 Ξ.
1204 2140 1287 2186 82.
1319 2136 1451 2200 sqq.'
1488 2136 1652 2184 Beate.
1717 2135 1989 2186 Bentleius
2020 2135 2305 2185 deridicule
2341 2135 2575 2196 reposuit

394 2209 598 2255 mmo,
622 2212 787 2261 neque
828 2199 958 2249 vidit
988 2200 1181 2248 minimo
1211 2198 1311 2248 dici
1357 2214 1451 2263 pro
1481 2199 1499 2227 ⁴
1527 2200 1730 2248 minimo
1774 2198 1972 2260 digito?
2034 2198 2206 2263 Atque
2243 2198 2326 2246 hic
2364 2196 2570 2262 quidem

395 2267 568 2319 gestus
592 2264 726 2324 apud
750 2272 1008 2312 nostrates
1031 2263 1187 2311 etiam
1210 2263 1360 2312 hodie
1384 2261 1650 2313 familiaris
1669 2270 1768 2320 est,
1790 2264 1878 2311 nbi
1902 2277 1997 2326 per
2019 2268 2334 2312 contemtum
2353 2262 2572 2325 aliquem

395 2322 723 2375 advocamus.
788 2327 969 2376 Mirari
994 2340 1190 2390 nequeo
1215 2327 1375 2375 virum
1399 2327 1635 2376 acerrimi
1662 2327 1851 2387 judicii
1885 2341 1985 2375 non
2018 2326 2304 2376 attendisse
2327 2323 2391 2372 ad
2413 2325 2569 2374 Scho-

394 2385 580 2437 liasten
604 2389 867 2439 veterem.’
899 2391 1058 2440 Baxt.
1123 2391 1139 2418 ‘
1160 2389 1422 2450 Attendit,
1444 2392 1536 2439 sed
1561 2391 1869 2453 improbavit
1891 2390 2094 2439 merito.
2162 2390 2257 2439 Est
2279 2394 2459 2450 aperte
2489 2388 2571 2437 liic

395 2449 464 2499 de
486 2452 757 2512 sponsione
780 2460 835 2502 et
865 2453 1192 2517 responsione
1228 2468 1395 2503 sermo
1449 2453 1694 2503 Germani
1715 2461 1902 2503 vocant
1921 2455 2025 2504 eine
2049 2451 2236 2516 Wette)
2257 2466 2407 2516 quem
2431 2453 2572 2500 clare

394 2513 626 2564 indicant
647 2516 805 2565 verba
828 2517 952 2565 Vet.
987 2518 1158 2566 Scluol.
1198 2517 1265 2566 ab
1295 2519 1408 2580 ipso
1487 2526 1667 2567 axtero
1696 2518 1909 2580 prolata.
1977 2517 2221 2565 Ceterum
2243 2530 2357 2565 cum
2379 2516 2572 2564 missino

395 2584 452 2626 et
472 2592 655 2627 nummo
678 2580 892 2630 totidem
916 2581 1116 2629 lineolis
1139 2581 1651 2644 perpendicularibus
1673 2587 1931 2640 constent,
1967 2580 2294 2629 blandissima
2330 2593 2452 2627 sane
2492 2587 2575 2628 est

394 2642 717 2692 emendatio:
753 2657 851 2694 uec
884 2652 1058 2694 tamen
1081 2647 1386 2706 necessaria,
1404 2659 1519 2694 cum
1544 2644 1633 2707 qui
1650 2660 1835 2694 navam
1858 2653 2102 2707 provocet
2125 2644 2361 2698 alterum,
2381 2643 2573 2691 minime

393 2702 530 2753 idem
556 2715 822 2768 provocet,
843 2707 896 2756 id
920 2715 1020 2768 est,
1045 2707 1233 2771 jubeat
1252 2708 1349 2759 sibi
1374 2708 1634 2757 minimum
1658 2724 1700 2756 s.
1725 2722 1981 2757 nummum
2003 2708 2289 2771 responderi,
2304 2709 2573 2769 repromit-

395 2768 454 2822 ti.
473 2783 587 2818 cnm
611 2771 875 2835 aliquanto
910 2772 1025 2833 plus
1063 2773 1175 2834 ipse
1214 2772 1466 2834 spondeat
1490 2772 1882 2835 promittatque,
1901 2779 2073 2819 certus
2098 2785 2282 2832 nempe
2306 2769 2571 2818 victoriae:

398 2832 675 2883 Germ—15
708 2833 954 2898 Accipiam
983 2835 1092 2895 jam
1131 2834 1305 2883 tabulis
1343 2835 1493 2885 Gott.
1543 2834 1662 2883 Acen·
1700 2835 1711 2847 ⁹
1821 2835 1994 2883 tubulis
2040 2834 2188 2883 Harl.
2210 2837 2258 2883 4.
2282 2836 2333 2882 7.
2366 2839 2420 2881 et
2450 2832 2570 2881 edd.

391 2903 524 2945 vett.
546 2911 630 2960 ap.
653 2897 814 2948 Gesn.
878 2904 893 2926 ⁶
917 2899 1003 2948 Ita
1024 2898 1109 2947 ed.
1129 2899 1332 2947 Veneta
1367 2899 1604 2961 princeps
1625 2851 1844 2963 (genet.
1871 2896 2043 2958 1478.)
2065 2912 2180 2946 cnm
2204 2898 2396 2959 majore
2420 2904 2569 2957 parte

393 2959 657 3021 codicum3
694 2960 831 3025 quod
853 2964 989 3011 inter
1029 2968 1164 3010 retes
1188 2962 1420 3026 plerique
1443 2964 1667 3025 amplexi
1691 2967 1826 3011 sunt.
1882 2959 1957 3010 At
1978 2962 2143 3010 altera
2163 2960 2379 3024 (Venet.
2400 2961 2572 3021 1490.)

392 3036 510 3072 cum
535 3025 751 3074 Locher.
772 3033 828 3074 et
860 2977 1170 3075 memeranis
1196 3027 1352 3074 etiam
1389 3041 1490 3075 non
1528 3026 1725 3089 paucis,
1755 3026 1928 3087 Accipe
1945 3024 2054 3084 jem
2087 3024 2289 3073 tubulus.
2360 3023 2454 3071 Cui
2478 3038 2572 3072 cnr

393 3088 608 3137 alteram
632 3089 977 3152 pra-tulerint,
1011 3104 1112 3137 non
1143 3104 1347 3152 possum
1383 3103 1483 3137 uon
1522 3089 1781 3138 demirari.
1848 3088 1980 3137 Haec
2003 3088 2139 3137 enim
2163 3087 2320 3136 lectio
2338 3088 2573 3148 μιμητικΰ

393 3151 694 3202 charactere
713 3149 1084 3215 ‘provocantem
1107 3153 1170 3202 ad
1194 3154 1519 3202 scribendum
1542 3153 1829 3214 Crispinum
1856 3152 2066 3215 pulchre
2085 3151 2329 3200 ostendit.
2376 3151 2568 3213 Accipe,

376 3214 488 3274 ,inas
504 3217 660 3279 accipe
678 3217 878 3266 snb-m.
943 3219 1024 3267 Ex
1049 3217 1357 3280 repetitione
1380 3217 1515 3266 enim
1538 3216 1804 3278 conjicias,
1824 3229 1977 3279 qnam
2006 3229 2125 3264 acer
2158 3215 2229 3264 sit
2258 3213 2325 3263 ad
2357 3221 2570 3264 conten-

392 3280 605 3329 tionem.
688 3280 806 3331 Jam
839 3294 993 3342 nnnc,
1037 3281 1128 3341 ait,
1160 3284 1371 3344 accipe:
1417 3281 1590 3342 jactat
1620 3281 1756 3329 euim
1790 3280 2193 3341 extemporalem
2226 3277 2466 3326 carminis
2498 3277 2571 3325 fa-

394 3344 677 3403 cultatem3
735 3351 790 3394 et
834 3351 1060 3406 veretur,
1101 3359 1165 3393 ne
1210 3344 1460 3393 Horatius
1501 3350 1764 3393 certamen
1801 3340 1902 3391 effu
1943 3343 2034 3400 iat,
2073 3343 2115 3391 si
2162 3343 2213 3390 in
2259 3340 2395 3389 aliud
2441 3351 2571 3389 tem·

392 3420 490 3470 pus
513 3405 799 3457 differatur.
868 3408 1054 3472 Neque
1086 3422 1207 3458 vero
1228 3423 1356 3466 opus
1375 3415 1458 3457 est
1481 3408 1571 3456 illo
1590 3407 1863 3469 Accipiam.-
1944 3404 2163 3469 rispinus
2196 3405 2350 3465 euim,
2382 3412 2569 3465 utpote

389 3477 716 3533 provocator,
771 3473 922 3521 domo
975 3486 1149 3520 secum
1206 3472 1408 3520 tabulas
1450 3472 1715 3528 extulisse,
1751 3477 1804 3517 et
1844 3471 1893 3517 in
1932 3469 2047 3516 siun
2084 3475 2289 3531 paratas
2330 3468 2567 3516 habuisse

393 3535 681 3584 censendus
714 3542 812 3585 est.
890 3536 1058 3586 Porro
1092 3543 1148 3584 et
1178 3536 1354 3597 plures
1390 3536 1596 3583 codices
1630 3533 1821 3582 habent
1851 3534 2054 3589 dentum·
2092 3533 2213 3596 quia
2236 3531 2569 3596 sequebatur.

393 3598 570 3661 credo,
614 3600 956 3649 nominativus
998 3600 1227 3662 pluralis,
1265 3601 1492 3648 custodes.
1554 3596 1656 3647 Sed
1694 3599 1975 3646 retinemus
2004 3599 2145 3645 astar
2179 3610 2296 3643 curn
2330 3595 2569 3644 editioni-

395 3659 489 3711 bus
535 3665 751 3724 priscis;
810 3663 964 3726 idque
1005 3677 1070 3710 ex
1107 3664 1210 3710 stili
1249 3662 1520 3711 Hui-atiani
1565 3661 1750 3724 genio;
1783 3667 1839 3708 nt
1880 3659 2075 3709 videbis
2118 3659 2172 3707 in
2217 3659 2369 3708 Notis
2417 3659 2481 3708 ad
2528 3671 2570 3709 ι.

393 3724 500 3773 Od.
532 3730 614 3775 24.
646 3727 712 3775 8!
752 3728 915 3777 Bentl.
981 3734 995 3754 ‘
1017 3726 1260 3787 Accipiam
1296 3727 1457 3788 magis
1490 3726 1647 3773 etiam
1682 3725 1799 3773 ideo
1831 3725 2024 3784 placet,
2043 3721 2181 3787 qnod
2204 3722 2269 3770 ad
2310 3737 2415 3773 rem
2456 3736 2571 3786 per-

395 3789 545 3852 tinet,
593 3792 748 3839 etiam
795 3791 1085 3852 Crispinum
1132 3788 1330 3837 tabulas
1370 3803 1411 3836 s.
1463 3789 1741 3853 pugillares
1786 3788 2053 3851 accipere:
2113 3787 2282 3850 agitur
2332 3787 2467 3835 enim
2503 3785 2568 3834 de

1375 3931 1587 3983 Nom-2

390 4035 499 4099 pini
520 4032 794 4083 Horatium
816 4030 1144 4094 provocantis
1159 4029 1224 4078 ad
1242 4034 1438 4078 extem·
1587 4032 1646 4077 15
1665 4027 1863 4091 [Accipe
1879 4026 1986 4087 jaun
2006 4024 2208 4088 tubulas]
2234 4025 2436 4085 Iaegiint
2458 4026 2569 4086 alii,

391 4112 579 4176 puralis
607 4109 901 4172 scriptionis
928 4114 1208 4157 certamen.
1273 4107 1361 4156 Sic
1383 4112 1437 4154 et
1520 4103 1763 4164 Accipiam
1783 4101 1986 4151 tabutas.
2050 4099 2199 4148 Prior
2223 4107 2394 4147 tamen
2411 4099 2567 4148 lectio

390 4186 678 4238 Martialem
699 4183 899 4233 Statius
919 4180 1200 4232 lacessivit.
1421 4246 1428 4251 Β
1523 4177 1898 4227 vehementiam
1931 4173 2143 4225 hominis
2167 4183 2358 4222 temere
2382 4188 2443 4223 ac
2465 4180 2568 4241 sto?
