2984 4867
1004 378 1413 429 csmuuuu
1463 378 1609 426 un.
1657 379 1759 426 ιν.
1803 363 1914 427 12.
2409 364 2541 429 615

696 520 1056 604 Impellunt
1082 521 1323 584 animae
1353 519 1561 584 lintea
1583 519 1940 585 Thraciae:

694 621 740 686 J
746 642 852 689 am
880 641 1004 687 nec
1034 628 1225 706 prata
1252 623 1484 705 rigent,
1511 641 1639 687 nec
1669 621 1860 687 fluvii
1887 628 2194 704 strepunt

947 724 1275 824 lilyberna
1301 723 1453 786 nive
1481 723 1749 804 turgidi.

692 824 946 890 Nidum
981 825 1191 909 ponit,
1226 823 1380 908 Ityn
1411 825 1727 888 flebiliter
1751 842 2044 918 gemens»,
2495 826 2540 885 5

698 924 946 991 Infelix
976 927 1149 1004 avie,
1180 933 1246 990 et
1270 927 1619 1009 Cecropiae
1646 927 1888 990 domus

344 1095 449 1143 vela
464 1098 671 1158 pulsant.
733 1099 852 1148 Juns
871 1114 1017 1162 neque
1032 1105 1170 1162 prata
1191 1104 1300 1148 sunl
1319 1102 1432 1160 gelu
1461 1099 1737 1158 consti-icta,
1770 1114 1855 1148 nec

1426 1162 1728 1221 Murmura
1752 1164 1868 1228 Ityn
1901 1166 2068 1225 lugens
2100 1163 2537 1224 miserabiliter-,ac

344 1159 439 1206 usis
457 1162 641 1210 nivibus
660 1162 846 1227 inflata,
913 1165 1097 1213 Nidum
1116 1165 1263 1213 struit
1292 1163 1397 1213 ovis

1256 1304 1315 1325 00

344 1401 377 1445 1
413 1397 630 1449 Hiberna
661 1403 768 1451 nive
802 1403 995 1452 candidi
1029 1404 1169 1466 Lips.
1191 1407 1338 1452 4.—5
1375 1403 1507 1466 leym

736 1467 928 1517 Venet.
951 1471 1096 1517 1⁴92.
1127 1467 1346 1516 Locher.
1405 1468 1515 1530 llys
1536 1466 1687 1515 Harl.
1710 1469 1760 1515 6.
1807 1466 1925 1527 Ityn
1948 1465 2096 1515 Harl.
2120 1471 2166 1514 1.
2186 1470 2236 1515 2.
2258 1470 2306 1516 8.
2325 1472 2376 1517 4.
2397 1474 2446 1517 5.
2481 1477 2538 1517 et

647 1530 698 1581 d.
741 1536 1030 1581 onmem—6
1066 1531 1339 1595 Cecropiae
1391 1530 1560 1581 codex
1605 1529 1949 1579 Laurentinus
1998 1543 2085 1593 ap.
2121 1530 2539 1582 'roi-rentium.—

346 1461 501 1513 rubr.
552 1464 603 1513 It

345 1528 507 1576 ceteri

1874 1098 2084 1162 flamina
2110 1103 2405 1147 murmurant
2426 1098 2539 1159 hye-

1545 1402 1688 1463 Lips.
1712 1405 1761 1452 8.
1783 1406 1833 1450 4.
1873 1401 2051 1451 Basili.
2089 1399 2212 1452 And.
2243 1403 2463 1453 Ascens.
2485 1411 2540 1454 et

1329 1674 1547 1727 NOTAE

345 1781 483 1831 hand
507 1783 743 1847 vulgares
757 1802 773 1835 ι
796 1786 967 1851 aitque
987 1787 1174 1837 merito
1194 1788 1400 1850 dignam

346 1858 535 1921 videri,
556 1875 675 1925 qnae
698 1863 763 1910 ad
787 1862 1058 1925 Virgilium
1084 1863 1401 1924 mitteretur3

344 1946 443 1982 nec
464 1936 602 1983 enim
625 1934 704 1985 vel
728 1937 896 2000 ipsum
920 1944 999 1988 tot
1021 1938 1296 1999 coloribus,
1320 1945 1403 1988 tot

340 2008 527 2060 florum
551 2014 890 2064 varietatibus
909 2013 1254 2066 efflorescere.
1298 2016 1401 2064 Va·

342 2086 486 2136 leant
527 2101 653 2152 ergo
702 2091 788 2153 qni
832 2090 1179 2140 adulterinum
1225 2092 1401 2140 nescio

345 2174 497 2224 quem
534 2164 742 2214 titulum
775 2165 892 2216 liuic
916 2165 1047 2215 odae
1077 2166 1345 2229 praefixnm
1371 2181 1400 2214 e

346 2236 609 2288 veteribus
641 2240 895 2289 nonnullis
917 2240 1182 2290 codicibus
1210 2248 1402 2290 eruunt

346 2325 635 2376 perperam,
673 2316 819 2379 qnasi
854 2316 1103 2366 Horatius
1136 2317 1403 2380 scripserit

346 2387 413 2436 ad
457 2390 728 2452 Virgilium
773 2398 1028 2455 quendam
1081 2393 1400 2456 myropolam

342 2476 437 2512 seu
481 2466 893 2527 unguentarium.
962 2468 1122 2517 Certe
1155 2468 1291 2517 enim
1328 2468 1402 2517 in·

345 2539 658 2602 telligendus
688 2540 771 2590 uie
811 2548 893 2592 est
924 2541 1175 2606 Virgilius
1213 2542 1402 2604 Poeta,

348 2617 435 2678 qni
458 2624 602 2666 recte
622 2618 637 2645 ‘
661 2619 821 2669 cliens
843 2618 1084 2668 nobilium
1110 2619 1398 2683 juvenum,’

344 2705 446 2741 non
470 2693 604 2743 alter
623 2695 890 2760 quisquam
911 2704 1202 2747 censeatur.
1267 2697 1399 2746 vide

346 2766 480 2816 infra
506 2769 631 2818 Not.

420 2844 561 2893 Veris
580 2844 787 2907 condus,
811 2845 916 2908 assu]
955 2846 1183 2911 Zephyri
1221 2847 1398 2909 procul

346 2916 524 2981 dubio,
538 2921 782 2985 quicquid
804 2922 889 2970 alii
912 2922 1170 2982 sentiant;
1193 2922 1245 2970 hi
1264 2923 1397 2972 enim

348 3008 435 3041 ver
457 2996 693 3044 comitari
714 2997 967 3046 duntaxat
1000 3004 1055 3046 et
1088 2999 1249 3047 maria
1272 3006 1400 3048 tem-

344 3084 527 3133 perare
545 3072 649 3121 dici
673 3083 906 3137 possunt.
971 3075 1045 3126 At
1069 3092 1163 3127 cur
1189 3078 1401 3128 Thraciae

343 3147 517 3196 anima
538 3159 816 3212 recautum
840 3165 953 3201 nam
972 3153 1182 3216 proprie
1203 3154 1399 3204 Boreas

344 3234 374 3270 e
407 3222 628 3275 'Riracia
664 3226 717 3275 in
749 3226 957 3276 Italiam
994 3229 1195 3291 spirat?
1239 3229 1327 3280 lta
1363 3244 1401 3282 1.

345 3295 449 3347 0d.
473 3303 554 3348 26.
581 3304 660 3350 11.
724 3302 935 3352 Scilicet
971 3303 1192 3353 Thracia
1226 3313 1403 3356 vento·

344 3386 456 3423 rum
502 3375 850 3437 quorumlibet
900 3377 1051 3427 sedes
1094 3386 1150 3428 et
1194 3378 1401 3429 officina

343 3454 444 3510 est,
472 3455 611 3500 teste
632 3450 906 3502 Eustathio
937 3454 1002 3502 ad
1025 3453 1176 3504 Iliad.
1201 3468 1282 3504 rx.
1320 3456 1402 3504 vel

343 3524 536 3589 potius,
588 3527 783 3577 Noster
824 3528 1127 3592 Homerum,
1168 3539 1228 3580 nt
1278 3532 1402 3581 alibi

343 3612 506 3666 saepe,
535 3603 797 3654 insecutus
840 3605 1007 3655 minus
1044 3614 1289 3656 accurate
1325 3609 1401 3658 lo-

344 3687 495 3727 cutus
513 3686 614 3727 est.
651 3679 798 3729 Bene
820 3682 982 3731 citato
1002 3682 1117 3732 loco
1142 3682 1400 3732 Homerus

340 3752 560 3804 Boream
584 3760 642 3803 et
665 3754 962 3818 Zephyrum
983 3771 1013 3805 e
1032 3758 1250 3807 Thracia
1271 3756 1401 3807 flan-

343 3840 423 3881 tes
447 3831 648 3894 pariter
666 3832 901 3882 exhibet:
938 3839 995 3882 at
1018 3848 1117 3883 non
1140 3834 1265 3883 item
1288 3833 1400 3883 Ho-

341 3907 520 3957 ratius.
563 3906 667 3956 Hic
688 3907 942 3971 siquidem
958 3908 1144 3971 Italus,
1164 3910 1254 3958 ille
1275 3923 1399 3959 vero

342 3997 372 4033 e
406 3982 641 4049 partibus
673 3983 890 4032 Minoris
911 3983 1069 4033 Asiae.
1138 3985 1301 4048 Atqui
1324 3986 1399 4035 dl-

344 4059 478 4108 versi
519 4058 675 4121 plane
712 4059 850 4108 aienti
886 4071 916 4107 e
952 4059 1171 4108 Thracia
1193 4060 1398 4109 ltaliam

342 4135 623 4198 Asiamque
642 4129 884 4196 perflant,
899 4134 1035 4182 iuter
1049 4134 1180 4183 hanc
1196 4143 1250 4184 et
1262 4136 1399 4185 illam

342 4209 452 4260 fere
475 4211 660 4260 media.

1550 1788 1670 1844 Quoe
1701 1801 1829 1837 man
1859 1787 2144 1851 temperant]
2179 1788 2261 1837 De
2283 1788 2536 1852 Zephyris

1481 1863 1645 1911 maria
1664 1863 1981 1912 solventibus
2000 1877 2062 1913 ac
2085 1877 2176 1912 ver
2197 1863 2539 1927 parientibus,

1483 1952 1569 1988 ιιι.
1591 1944 1641 1989 7.
1665 1939 1829 1990 initio.

1543 2018 1578 2063 2
1597 2013 1811 2076 Anum]
1848 2012 2045 2063 Allusio
2076 2012 2143 2063 ad
2173 2014 2411 2065 Graecam
2452 2031 2536 2065 vo·

1480 2100 1610 2150 cem,
1632 2087 1819 2153 ἄνεμος,
1839 2095 2020 2140 ventas.
2067 2090 2251 2154 Virgil-
2274 2092 2388 2141 AEn.
2413 2106 2537 2142 vm.

1482 2164 1781 2215 ‘Quantum
1824 2165 1967 2227 ignes
2007 2165 2290 2230 animaeqne
2325 2166 2539 2218 valent!

1480 2240 1692 2289 Lucret.
1713 2241 1728 2268 ‘
1751 2240 2111 2304 Aurarumque
2131 2241 2271 2289 leves
2287 2241 2517 2292 animus?

1545 2314 1796 2378 Iun-pellant
1834 2313 2004 2377 Ualen]
2061 2315 2145 2364 Ad
2192 2317 2536 2380 navigandum

1480 2390 1636 2438 utiles
1658 2398 1796 2440 sunt.

1544 2470 1575 2514 ³
1612 2465 1717 2515 Nec
1735 2465 1889 2530 fluvii
1921 2465 2159 2528 strepant]
2195 2463 2298 2516 Qui
2333 2468 2537 2518 nivibus

1479 2540 1774 2605 liquefactis
1807 2539 2160 2589 intumuerant
2203 2541 2356 2605 paulo
2395 2551 2539 2606 aute,

1480 2631 1542 2666 ac
1561 2617 1927 2667 vehementiori
1946 2630 2099 2667 cursu
2118 2617 2390 2681 strepitum
2413 2620 2537 2669 ede-

1480 2693 1625 2754 bant,
1656 2693 1766 2756 jam
1805 2706 1941 2741 nnnc
1977 2692 2232 2742 imminuti
2264 2693 2399 2742 haud
2433 2709 2539 2744 sm·

1481 2772 1617 2834 plius
1639 2778 1899 2834 strepunt.

1543 2853 1572 2896 ⁵
1596 2848 1778 2896 Niciam
1793 2847 1948 2910 ponit,
1962 2845 2539 2916 Itynflebiliter-gemens,

1478 2923 1585 2986 ξω]
1624 2921 1985 2985 Hirundojam
2011 2922 2260 2974 nidificat.

1545 2998 1687 3061 Ityn]
1723 2998 1951 3047 Homero
1972 2997 2187 3060 Itylnm.

1545 3079 1578 3124 6
1610 3073 1792 3133 Infelix
1811 3071 1935 3135 avis]
1968 3073 2171 3122 Procne
2194 3077 2248 3121 et
2280 3072 2537 3121 Philome·

1482 3148 1530 3196 la
1548 3148 1829 3198 Pandionis
1847 3147 2238 3198 Atheniensium
2262 3149 2398 3211 regis
2417 3148 2536 3197 filiae

1480 3232 1648 3274 erant.
1683 3224 1781 3273 llla
1793 3223 1962 3272 Tereo
1980 3224 2092 3286 regi
2107 3222 2341 3272 'l'hracioe
2356 3230 2539 3288 nupta,

1481 3302 1600 3365 Ityn
1636 3312 1955 3349 communem
1993 3298 2153 3348 lilium
2187 3300 2371 3347 marito
2409 3313 2536 3361 epu-

1478 3376 1687 3426 landum
1698 3374 1960 3439 apposuit,
1970 3375 2141 3422 ultura
2151 3386 2379 3422 sororem
2394 3387 2537 3423 suam

1479 3452 1546 3500 ab
1569 3465 1633 3500 eo
1656 3456 2061 3512 constupratam.
2124 3448 2320 3497 Tereus
2347 3455 2537 3497 utrum·

1478 3542 1581 3594 que
1604 3527 1790 3577 stricto
1814 3525 2038 3588 pugione
2068 3524 2133 3574 ad
2157 3535 2339 3573 necem
2361 3538 2540 3589 perse-

1478 3602 1669 3668 q⁸uitnr.
1735 3602 1872 3651 Ecce
1894 3613 2019 3649 vero
2041 3600 2246 3649 Procne
2274 3600 2327 3648 in
2362 3600 2534 3652 hirun-

1477 3679 1672 3741 dinem,
1695 3676 1983 3726 Philomela
2011 3676 2065 3724 in
2101 3675 2387 3738 lusciniam,
2422 3676 2537 3742 Itys

1477 3755 1531 3804 in
1570 3754 1889 3816 phasianum,
1914 3753 2016 3815 vel,
2050 3759 2111 3801 nt
2135 3752 2218 3804 alii
2254 3753 2451 3815 volunt,
2483 3755 2536 3803 in

1478 3829 1790 3889 carduelem,
1825 3826 2030 3876 Tereus
2068 3825 2289 3891 denique
2324 3828 2375 3877 in
2405 3843 2536 3892 npu-

1478 3921 1598 3970 psm
1622 3909 2048 3956 transmutantur.
2096 3903 2183 3952 Ita
2202 3901 2537 3955 fabulatores.

1478 3982 1614 4033 Vide
1637 3980 1796 4032 ovid.
1819 3980 1952 4029 Met.
1979 3993 2056 4029 vi.
2079 3978 2203 4028 Fab.
2222 3983 2269 4028 7.
2291 3981 2391 4029 «stc.

1548 4056 1785 4119 Cecropiae
1795 4058 1956 4106 domu
1964 4055 2214 4103 AEternmn
2222 4055 2537 4118 opprobrium,

1478 4131 1585 4197 ξω]
1618 4132 1666 4180 Α
1691 4131 1925 4193 Cecrope
1951 4128 2332 4178 Atheniensium
2370 4131 2534 4192 primo

1480 4221 1606 4270 rege
1629 4207 1991 4256 denominatur
2010 4202 2257 4268 quicquid
2282 4203 2346 4252 ad
2372 4206 2532 4255 Athe-
