2984 4867
1125 368 1193 426 Q.
1237 363 1555 413 nolum
1608 360 1871 411 abaco!

657 508 756 573 Ut
781 527 1014 591 nuper,
1042 514 1238 574 actus
1269 526 1419 572 cum
1446 505 1619 571 freto
1651 502 2037 587 Neptunius

738 610 900 673 Dux
931 608 1123 690 fugit,
1154 610 1322 672 ustis
1351 608 1658 685 navibuS,

657 710 959 775 Minatus
987 710 1136 775 urbi
1165 709 1414 788 vincla,
1445 729 1602 793 quae
1630 708 2041 774 detraxerat

743 810 968 875 Servis
999 812 1255 876 amicus
1285 811 1582 894 perfidis.

2495 804 2581 867 1⁰

537 1006 544 1011 ι
655 911 1027 987 Romnum,
1056 912 1261 976 eheu!
1305 910 1596 996 (posteri
1628 905 1992 994 negabitis)

743 1010 1223 1096 Emancipatus
1253 1012 1576 1091 soeminae,

400 1190 584 1253 pridem
615 1190 683 1239 ιίι
700 1190 924 1251 fecimus,
950 1192 1131 1252 quando
1156 1189 1424 1252 Neptunias
1447 1190 1705 1253 Imperator
1722 1190 1857 1250 ‚ti-ete
1884 1189 2045 1239 Siculo
2073 1189 2236 1252 palsas
2252 1187 2430 1249 sagam
2459 1186 2587 1236 «ιη-ι’-

398 1254 524 1316 puit,
556 1259 662 1317 past
678 1254 889 1303 incensas
907 1269 1081 1311 uvea,-
1109 1255 1315 1303 mimus

1335 1254 1952 1314 οὲοὶὸνιηὶὼινιαιλαιυ.
1977 1253 2591 1316 queamdm-

402 1322 507 1366 mr
525 1318 968 1382 ιιηὺίῳίἀιλῶν.
995 1289 1254 1380 Βοίιιιιν,
1273 1316 2047 1382 (thaumantida-datia)
2061 1315 2590 1377 ”surdescens-ssa·

1314 1445 1523 1467 OOOOO

1526 1445 1675 1464 00000

406 1540 611 1594 Wakef.
632 1549 687 1592 et
708 1541 871 1593 Kidd.
902 1541 1094 1593 midam
1113 1539 1232 1592 edd.
1255 1546 1382 1589 vett.
1407 1553 1489 1601 ap.
1513 1539 1807 1589 zeum—12
1830 1541 1898 1589 Et
1920 1541 2213 1605 μακάρων
2232 1553 2338 1589 var.
2357 1538 2479 1590 lect.
2503 1552 2591 1602 ap.

1391 1651 1612 1702 1⁴01*AE

469 1755 501 1800 ’1
540 1752 609 1801 Ut
626 1752 799 1816 nuper]
832 1751 979 1802 Sicut
1019 1750 1310 1800 liberaliter
1347 1747 1457 1812 qui-

408 1825 527 1876 dem
561 1824 781 1875 bibimus
813 1840 997 1890 nuper,
1018 1839 1110 1875 seu
1140 1832 1262 1874 aute
1297 1837 1456 1874 annos

407 1901 652 1966 quinque,
678 1916 792 1950 cum
829 1901 1019 1952 Sextus
1055 1900 1334 1964 Pompeius
1366 1913 1457 1948 ua-

405 1974 511 2026 va'li
555 1975 733 2038 praelio
776 1974 1063 2025 debellatus
1114 1975 1179 2026 ab
1221 1974 1458 2038 Augusto

409 2056 509 2111 est,
535 2050 597 2100 ad
620 2048 809 2100 fretum
833 2050 1086 2111 Siculum;
1106 2049 1328 2115 indeque
1349 2049 1458 2114 pul·

410 2139 496 2175 sus
519 2122 668 2188 fugit.

480 2201 750 2263 Neptunius
768 2200 910 2264 Dux]
938 2201 955 2230 ‘
978 2200 1159 2250 Sextus
1181 2199 1462 2264 Pompeius

410 2275 576 2339 ruptis
618 2277 892 2338 ergastulis
929 2290 1070 2325 mare
1108 2275 1339 2324 obsedit:
1387 2274 1461 2322 iu-

411 2351 657 2414 terceptis
679 2350 1049 2401 commeatibus
1077 2350 1278 2400 Italiam
1312 2363 1464 2398 vexa·

415 2426 519 2486 vit;
549 2432 605 2475 et
643 2440 760 2475 cum
797 2427 923 2474 mari
956 2424 1185 2475 feliciter
1214 2430 1470 2484 uteretur,

412 2500 648 2564 Neptuni
671 2515 726 2550 se
745 2500 901 2550 tilium
924 2498 1184 2550 confessus
1209 2498 1324 2549 est.'
1359 2498 1466 2548 Au·

412 2576 504 2626 rel.
550 2577 741 2626 Victor.
779 2577 846 2626 de
883 2576 1021 2626 Viris
1055 2575 1308 2627 Illustrib.
1349 2589 1467 2636 cap.

413 2664 517 2701 vu.
573 2650 676 2701 Alii
709 2652 957 2708 scribunt,
995 2650 1131 2717 quod
1168 2651 1279 2714 ejus
1318 2658 1468 2713 pater

413 2739 623 2789 maguus
659 2726 942 2788 Pompeius
976 2727 1175 2776 exactis
1209 2727 1389 2790 piratis
1411 2731 1466 2773 et

413 2801 647 2851 hostibus
686 2802 811 2851 mari
847 2801 1135 2852 dominatus
1168 2807 1326 2862 esset,
1348 2800 1469 2850 bine

415 2889 472 2926 se
496 2877 729 2939 Neptuni
750 2875 906 2925 filium
929 2876 1141 2937 dixisse,
1163 2882 1220 2924 et
1245 2875 1470 2923 coerulea

413 2957 562 3000 veste
586 2950 819 3000 indutum
837 2950 1149 3013 juveniliter
1170 2950 1469 3014 superbien-

414 3026 484 3075 do
506 3025 845 3089 depugnasse.
880 3026 1101 3091 Appian.
1119 3027 1253 3077 Bell.
1276 3028 1389 3079 Civ.
1413 3042 1465 3078 v-

417 3101 525 3151 Dlo
548 3099 637 3148 lib.
660 3112 856 3150 xnvnt.

482 3178 514 3225 8
553 3174 728 3238 Fugit]
761 3174 942 3225 Aurel.
961 3174 1164 3227 Victor.
1184 3178 1275 3227 eit.
1303 3184 1318 3206 ⁸
1344 3177 1469 3227 Sex·

415 3256 502 3303 tus
526 3252 592 3301 ab
617 3249 851 3315 Augusto
879 3267 972 3316 per
1002 3253 1284 3318 Agrippam
1315 3269 1471 3306 nava-

414 3327 452 3379 li
494 3328 673 3392 praelio
705 3327 868 3378 victus
907 3327 959 3377 iu
994 3328 1169 3379 Asiam
1206 3328 1470 3394 fugit‚ubi

418 3404 485 3455 ab
507 3403 813 3454 Antoniauis
848 3402 1101 3454 militibus
1129 3405 1331 3456 occisus
1355 3404 1470 3455 cst.'

416 3480 601 3530 Florus
625 3492 700 3529 tv.
720 3483 768 3529 8.
811 3478 989 3530 ‘Sext.
1029 3480 1316 3545 Pompeius
1356 3494 1471 3545 per·

417 3555 542 3603 ditis
566 3554 719 3604 rebus
743 3553 1006 3618 profugit3
1042 3555 1321 3621 Asiamque
1343 3556 1470 3605 velis

419 3626 576 3692 petit,
594 3637 837 3678 venturus
866 3629 937 3679 ibi
967 3632 1018 3679 in
1048 3630 1270 3680 bostium
1294 3644 1472 3680 manus

421 3710 475 3752 et
499 3713 764 3754 catenas..
784 3704 934 3754 ‚Non
966 3704 1065 3755 alia
1098 3711 1216 3767 post
1245 3704 1473 3754 Xerxem

422 3776 762 3827 miserabilior
783 3776 922 3842 fuga.
965 3780 1173 3843 Quippe
1196 3778 1347 3829 modo
1367 3787 1472 3828 tre-

422 3858 690 3902 centarum
708 3850 1076 3916 qninquaginta
1092 3853 1298 3901 navium
1316 3852 1475 3902 domi-

422 3942 536 3983 nus,
560 3942 674 3977 cum
702 3940 792 3976 sex
820 3933 1086 3990 septemve
1117 3925 1366 3990 fugiebat,
1386 3941 1475 3976 ex·

423 4005 589 4054 tincto
614 4002 881 4053 Proetoriae
908 4002 1050 4051 navis
1080 4001 1288 4064 lumine,
1309 4001 1474 4051 anulis

424 4081 477 4129 iu
511 4092 650 4130 marc
684 4078 924 4143 abjectis,
948 4088 1140 4142 pavens
1172 4092 1234 4128 ac
1266 4090 1475 4141 respec-

431 4161 565 4220 tans,
599 4162 654 4204 et
697 4160 870 4204 tamen
902 4169 1002 4203 non
1040 4154 1223 4205 timeus
1263 4166 1329 4203 ne
1357 4167 1474 4217 per·

1539 1747 1681 1798 iret.⁹

1609 1826 1748 1875 Ustia
1777 1824 1997 1889 navibus]
2043 1825 2121 1875 Μ.
2146 1823 2397 1888 Agrippa!
2431 1836 2596 1887 opera

1536 1899 1757 1961 seilicet,
1783 1916 1813 1949 a
1831 1916 1932 1965 quo
1955 1899 2161 1963 fugatas
2184 1899 2330 1949 Sexti
2357 1898 2596 1962 Pompeii

1538 1989 1692 2025 naves
1731 1975 1914 2026 scribit
1944 1976 2214 2027 Suetonius
2251 1975 2441 2025 Octav.
2474 1989 2594 2038 cap.

1542 2054 1621 2099 16.
1649 2051 1762 2100 Liv.
1786 2052 1927 2115 Epit.
1949 2052 2040 2099 lib.
2060 2064 2258 2102 cxxxx.
2288 2053 2305 2079 ⁸
2332 2049 2597 2100 Adversas

1538 2125 1684 2175 Sext.
1698 2125 2035 2190 Pompeium,’
2052 2127 2243 2190 inquit,
2255 2129 2272 2154 ⁴
2286 2125 2429 2175 vario
2442 2139 2598 2176 evea·

1542 2206 1600 2249 tu
1624 2200 1887 2257 navalibus
1922 2200 2284 2250 certaminibus
2315 2208 2596 2263 pugnatum

1542 2280 1650 2323 est:
1686 2274 1759 2324 ita
1784 2280 1842 2324 ut
1865 2289 1932 2324 ex
1954 2274 2152 2325 duabus
2175 2275 2397 2324 Cesaris
2422 2274 2598 2324 classi·

1543 2349 1661 2414 bus,
1675 2351 1857 2415 altera,
1869 2350 1953 2400 cui
1974 2349 2212 2415 Agrippa
2228 2356 2474 2414 preerat,
2487 2348 2600 2399 viu·

1543 2432 1723 2488 ceret;
1757 2427 1941 2481 altera,
1978 2440 2129 2491 quam
2164 2425 2335 2475 Cesar
2356 2424 2597 2487 duxerat,

1541 2500 1718 2550 deleta
1736 2534 1749 2550 .
1765 2533 1782 2550 .
1798 2500 2013 2551 ,Victus
2034 2500 2222 2550 deinde
2247 2499 2598 2562 Pompeiusin
2640 2558 2649 2565 ‚

1541 2575 1767 2626 Siciliam
1799 2575 2064 2641 profugit?
2096 2576 2255 2641 (Hoec
2280 2576 2419 2639 prior
2446 2575 2597 2640 fuga3

1544 2659 1799 2713 postrema
1822 2652 1928 2712 illa,
1948 2650 2017 2700 de
2043 2666 2141 2715 qua
2172 2652 2325 2715 paulo
2351 2659 2468 2702 ante
2491 2652 2600 2703 disi

1544 2739 1611 2773 ex
1632 2725 1832 2791 Floro.)
1851 2728 1868 2754 ‘
1883 2727 1958 2776 M.
1980 2724 2214 2791 Agrippa
2225 2727 2395 2777 navali
2408 2742 2601 2778 corona

1548 2814 1580 2850 a
1595 2801 1801 2852 ene-are
1819 2801 2037 2852 donatus
2060 2811 2168 2852 estx
2193 2802 2278 2867 qui
2296 2802 2455 2853 bonos
2477 2811 2600 2853 aute

1547 2890 1664 2926 eum
1687 2876 1881 2926 nemini
1902 2876 2111 2927 babitus
2131 2875 2281 2927 erat.'

1611 2955 1645 3000 9
1670 2952 1890 3001 Minatus
1919 2952 2027 3001 urbi
2056 2951 2233 3008 vincla.
2261 2966 2365 3015 qaoe
2407 2953 2600 3002 detrax-

1546 3031 1669 3082 erat,
1689 3024 1796 3089 ξω]
1826 3026 2016 3076 Servos
2049 3026 2115 3076 ad
2148 3040 2292 3076 arms
2317 3025 2602 3090 Pompeius

1547 3101 1634 3150 ille
1676 3101 1869 3150 Sextus
1913 3115 2097 3166 magno
2140 3101 2344 3166 quidem
2391 3116 2602 3151 numero

1550 3182 1780 3225 vocarat.
1842 3174 2020 3225 Testis
2058 3176 2181 3237 Dio,
2223 3184 2281 3225 et
2322 3175 2462 3226 Flor.
2508 3176 2602 3226 cit.

1548 3249 1565 3278 ‘
1587 3251 1716 3301 Cum
1761 3250 2022 3314 ergastula
2066 3258 2330 3306 armasset.
2374 3249 2601 3302 Siciliam

1548 3324 1935 3390 Sardiniamque
1952 3324 2196 3376 habebat.
2225 3326 2347 3377 Jam
2364 3335 2419 3376 et
2437 3328 2601 3379 classe

1549 3397 1775 3448 medium
1826 3414 1971 3450 mare
2014 3399 2293 3451 insederat.
2359 3400 2410 3450 Ο
2450 3417 2601 3467 qnam

1550 3473 1784 3524 diversus
1828 3488 1862 3524 a
1905 3477 2084 3537 patre!
2148 3475 2246 3525 Ille
2286 3476 2474 3526 Cilicas
2511 3492 2603 3527 ex-

1552 3549 1814 3600 tinxerat:
1852 3550 1935 3599 bic
1965 3564 2140 3600 secum
2174 3551 2369 3614 piratas
2392 3554 2603 3603 navales

1554 3624 1822 3689 agitabat-⁹
1889 3625 2025 3675 Vide
2070 3632 2127 3675 et
2169 3626 2294 3677 Not.
2332 3627 2398 3676 ad
2435 3628 2604 3692 Eped.

1552 3710 1632 3747 iv.
1654 3697 1708 3746 in
1730 3696 1850 3747 fine.

1618 3777 1682 3824 1⁰
1713 3773 1877 3824 Servis
1896 3774 2074 3824 amicas
2090 3773 2310 3843 perfidia]
2349 3776 2604 3841 Fugitivia

1551 3862 1741 3913 nempe
1763 3856 1818 3899 et
1839 3864 1964 3913 erga
1979 3848 2211 3900 dominos
2228 3849 2436 3914 perfidis
2451 3853 2604 3902 liber·

1555 3930 1716 3974 tatem
1753 3932 1810 3974 et
1844 3940 1983 3975 arma
2021 3925 2200 3987 dabat,
2219 3924 2438 3990 benigne
2465 3926 2607 3976 exci-

1553 3999 1702 4062 piens
1735 4006 1790 4048 et
1826 4000 2008 4060 amice,
2028 3999 2080 4049 in
2107 4014 2233 4065 quos
2266 4000 2607 4051 anitnadverti

1554 4075 1784 4138 graviter
1804 4075 2096 4139 oportebat.

1620 4159 1679 4205 11
1713 4154 1975 4219 Roman]
2008 4153 2265 4207 Antonius
2286 4156 2500 4224 ejusque
2522 4170 2605 4207 as·
