<?xml version="1.0" encoding="UTF-8"?>
<!DOCTYPE html PUBLIC "-//W3C//DTD XHTML 1.0 Transitional//EN"
    "http://www.w3.org/TR/xhtml1/DTD/xhtml1-transitional.dtd">
<html xmlns="http://www.w3.org/1999/xhtml" xml:lang="en" lang="en">
 <head>
  <title>
</title>
<meta http-equiv="Content-Type" content="text/html;charset=utf-8" />
  <meta name='ocr-system' content='tesseract 3.04.00' />
  <meta name='ocr-capabilities' content='ocr_page ocr_carea ocr_par ocr_line ocrx_word'/>
</head>
<body>
  <div class='ocr_page' id='page_1' title='image "./quintihoratiifl11zeungoog/quintihoratiifl11zeungoog_0100.png"; bbox 0 0 2984 4867; ppageno 0'>
   <div class='ocr_carea' id='block_1_1' title="bbox 474 347 1784 412">
    <p class='ocr_par' dir='ltr' id='par_1_1' title="bbox 474 347 1784 412">
     <span class='ocr_line' id='line_1_1' title="bbox 474 347 1784 412; baseline -0.003 0"><span class='ocrx_word' id='word_1_1' title='bbox 474 347 607 412; x_wconf 72' lang='lat'>640</span> <span class='ocrx_word' id='word_1_2' title='bbox 1382 359 1784 411; x_wconf 74' lang='lat' dir='ltr'>nxcunsus</span> 
     </span>
    </p>
   </div>
   <div class='ocr_carea' id='block_1_2' title="bbox 452 499 2667 3514">
    <p class='ocr_par' dir='ltr' id='par_1_2' title="bbox 473 499 2667 886">
     <span class='ocr_line' id='line_1_2' title="bbox 540 499 2667 568; baseline 0 -17"><span class='ocrx_word' id='word_1_3' title='bbox 540 504 707 556; x_wconf 82' lang='lat' dir='ltr'>Quem</span> <span class='ocrx_word' id='word_1_4' title='bbox 736 516 835 552; x_wconf 89' lang='lat' dir='ltr'>uon</span> <span class='ocrx_word' id='word_1_5' title='bbox 862 502 1158 565; x_wconf 75' lang='lat' dir='ltr'>gravissime</span> <span class='ocrx_word' id='word_1_6' title='bbox 1179 499 1442 551; x_wconf 80' lang='lat' dir='ltr'>offendant</span> <span class='ocrx_word' id='word_1_7' title='bbox 1464 503 1596 562; x_wconf 64' lang='lat' dir='ltr'>hec,</span> <span class='ocrx_word' id='word_1_8' title='bbox 1618 516 1680 551; x_wconf 91' lang='lat' dir='ltr'>ac</span> <span class='ocrx_word' id='word_1_9' title='bbox 1703 502 1842 551; x_wconf 81' lang='lat' dir='ltr'>velut</span> <span class='ocrx_word' id='word_1_10' title='bbox 1862 509 2079 566; x_wconf 87' lang='lat' dir='ltr'>stupore</span> <span class='ocrx_word' id='word_1_11' title='bbox 2101 503 2319 568; x_wconf 84' lang='lat' dir='ltr'>quodam</span> <span class='ocrx_word' id='word_1_12' title='bbox 2345 504 2667 565; x_wconf 82' lang='lat' dir='ltr'>percellant?</span> 
     </span>
     <span class='ocr_line' id='line_1_3' title="bbox 476 580 2665 649; baseline -0 -17"><span class='ocrx_word' id='word_1_13' title='bbox 476 584 589 649; x_wconf 84' lang='lat' dir='ltr'>quis</span> <span class='ocrx_word' id='word_1_14' title='bbox 611 597 711 632; x_wconf 90' lang='lat' dir='ltr'>non</span> <span class='ocrx_word' id='word_1_15' title='bbox 748 581 941 644; x_wconf 76' lang='lat' dir='ltr'><strong>frigore</strong></span> <span class='ocrx_word' id='word_1_16' title='bbox 966 589 1017 630; x_wconf 83' lang='lat' dir='ltr'>et</span> <span class='ocrx_word' id='word_1_17' title='bbox 1041 580 1207 629; x_wconf 78' lang='lat' dir='ltr'><strong>febrili</strong></span> <span class='ocrx_word' id='word_1_18' title='bbox 1228 581 1373 645; x_wconf 86' lang='lat' dir='ltr'>quasi</span> <span class='ocrx_word' id='word_1_19' title='bbox 1405 581 1613 629; x_wconf 88' lang='lat' dir='ltr'>horrore</span> <span class='ocrx_word' id='word_1_20' title='bbox 1645 594 1704 629; x_wconf 88' lang='lat' dir='ltr'>se</span> <span class='ocrx_word' id='word_1_21' title='bbox 1735 581 1923 645; x_wconf 77' lang='lat' dir='ltr'>corripi</span> <span class='ocrx_word' id='word_1_22' title='bbox 1957 582 2183 633; x_wconf 81' lang='lat' dir='ltr'>sentiat?</span> <span class='ocrx_word' id='word_1_23' title='bbox 2217 584 2326 645; x_wconf 83' lang='lat' dir='ltr'>quis</span> <span class='ocrx_word' id='word_1_24' title='bbox 2358 599 2457 633; x_wconf 89' lang='lat' dir='ltr'>non</span> <span class='ocrx_word' id='word_1_25' title='bbox 2490 584 2665 646; x_wconf 88' lang='lat' dir='ltr'>inique</span> 
     </span>
     <span class='ocr_line' id='line_1_4' title="bbox 475 658 2660 724; baseline 0 -12"><span class='ocrx_word' id='word_1_26' title='bbox 475 661 633 724; x_wconf 85' lang='lat' dir='ltr'>ferat,</span> <span class='ocrx_word' id='word_1_27' title='bbox 654 661 958 724; x_wconf 73' lang='lat' dir='ltr'><strong>interrumpi</strong></span> <span class='ocrx_word' id='word_1_28' title='bbox 981 668 1033 710; x_wconf 88' lang='lat' dir='ltr'>et</span> <span class='ocrx_word' id='word_1_29' title='bbox 1056 660 1265 723; x_wconf 80' lang='lat' dir='ltr'>reprimi</span> <span class='ocrx_word' id='word_1_30' title='bbox 1297 673 1432 721; x_wconf 87' lang='lat' dir='ltr'>eum,</span> <span class='ocrx_word' id='word_1_31' title='bbox 1466 658 1520 708; x_wconf 88' lang='lat' dir='ltr'>in</span> <span class='ocrx_word' id='word_1_32' title='bbox 1556 673 1657 723; x_wconf 84' lang='lat' dir='ltr'>quo</span> <span class='ocrx_word' id='word_1_33' title='bbox 1685 660 1795 723; x_wconf 87' lang='lat' dir='ltr'>jam</span> <span class='ocrx_word' id='word_1_34' title='bbox 1834 668 2090 724; x_wconf 83' lang='lat' dir='ltr'>versatur,</span> <span class='ocrx_word' id='word_1_35' title='bbox 2126 661 2523 712; x_wconf 82' lang='lat' dir='ltr'>enthusiasmnm</span> <span class='ocrx_word' id='word_1_36' title='bbox 2555 672 2660 712; x_wconf 87' lang='lat' dir='ltr'>tam</span> 
     </span>
     <span class='ocr_line' id='line_1_5' title="bbox 473 739 2663 808; baseline -0 -15"><span class='ocrx_word' id='word_1_37' title='bbox 473 741 781 806; x_wconf 88' lang='lat' dir='ltr'>importunis</span> <span class='ocrx_word' id='word_1_38' title='bbox 802 743 1092 806; x_wconf 84' lang='lat' dir='ltr'>ineptisque</span> <span class='ocrx_word' id='word_1_39' title='bbox 1117 740 1381 789; x_wconf 81' lang='lat' dir='ltr'>versibus?</span> <span class='ocrx_word' id='word_1_40' title='bbox 1413 739 1530 804; x_wconf 84' lang='lat' dir='ltr'>quis</span> <span class='ocrx_word' id='word_1_41' title='bbox 1552 753 1644 788; x_wconf 87' lang='lat' dir='ltr'>eos</span> <span class='ocrx_word' id='word_1_42' title='bbox 1667 754 1767 790; x_wconf 86' lang='lat' dir='ltr'>non</span> <span class='ocrx_word' id='word_1_43' title='bbox 1802 741 1887 790; x_wconf 81' lang='lat' dir='ltr'>vel</span> <span class='ocrx_word' id='word_1_44' title='bbox 1918 740 2099 791; x_wconf 79' lang='lat' dir='ltr'>abesse</span> <span class='ocrx_word' id='word_1_45' title='bbox 2127 748 2295 805; x_wconf 83' lang='lat' dir='ltr'>optet,</span> <span class='ocrx_word' id='word_1_46' title='bbox 2325 743 2459 791; x_wconf 82' lang='lat' dir='ltr'>vela</span> <span class='ocrx_word' id='word_1_47' title='bbox 2479 744 2663 808; x_wconf 79' lang='lat' dir='ltr'>quovis</span> 
     </span>
     <span class='ocr_line' id='line_1_6' title="bbox 474 816 2611 886; baseline 0 -14"><span class='ocrx_word' id='word_1_48' title='bbox 474 823 574 873; x_wconf 84' lang='lat' dir='ltr'>alio</span> <span class='ocrx_word' id='word_1_49' title='bbox 596 823 789 886; x_wconf 89' lang='lat' dir='ltr'>potins,</span> <span class='ocrx_word' id='word_1_50' title='bbox 804 835 954 886; x_wconf 85' lang='lat' dir='ltr'>quam</span> <span class='ocrx_word' id='word_1_51' title='bbox 977 819 1042 869; x_wconf 91' lang='lat' dir='ltr'>ah</span> <span class='ocrx_word' id='word_1_52' title='bbox 1063 819 1174 883; x_wconf 87' lang='lat' dir='ltr'>ipso</span> <span class='ocrx_word' id='word_1_53' title='bbox 1195 819 1432 874; x_wconf 80' lang='lat' dir='ltr'>Horatio,</span> <span class='ocrx_word' id='word_1_54' title='bbox 1453 816 1620 868; x_wconf 85' lang='lat' dir='ltr'>factos</span> <span class='ocrx_word' id='word_1_55' title='bbox 1646 819 1968 885; x_wconf 84' lang='lat' dir='ltr'>insertosque</span> <span class='ocrx_word' id='word_1_56' title='bbox 1991 835 2125 877; x_wconf 83' lang='lat' dir='ltr'>esse,</span> <span class='ocrx_word' id='word_1_57' title='bbox 2146 821 2244 871; x_wconf 84' lang='lat' dir='ltr'>sibi</span> <span class='ocrx_word' id='word_1_58' title='bbox 2269 822 2611 885; x_wconf 81' lang='lat' dir='ltr'>persuadeat?</span> 
     </span>
    </p>

    <p class='ocr_par' dir='ltr' id='par_1_3' title="bbox 452 898 2664 3514">
     <span class='ocr_line' id='line_1_7' title="bbox 534 898 2659 966; baseline -0 -15"><span class='ocrx_word' id='word_1_59' title='bbox 534 902 766 951; x_wconf 82' lang='lat' dir='ltr'>Primum</span> <span class='ocrx_word' id='word_1_60' title='bbox 804 900 1295 965; x_wconf 68' lang='lat' dir='ltr'>ipsorum‘versuum</span> <span class='ocrx_word' id='word_1_61' title='bbox 1333 898 1645 948; x_wconf 87' lang='lat' dir='ltr'>sententiam</span> <span class='ocrx_word' id='word_1_62' title='bbox 1687 899 2009 962; x_wconf 76' lang='lat' dir='ltr'>aspiciamus.</span> <span class='ocrx_word' id='word_1_63' title='bbox 2075 902 2092 929; x_wconf 76' lang='lat'>⁸</span> <span class='ocrx_word' id='word_1_64' title='bbox 2116 901 2251 950; x_wconf 82' lang='lat' dir='ltr'>Nolo</span> <span class='ocrx_word' id='word_1_65' title='bbox 2274 902 2384 964; x_wconf 83' lang='lat' dir='ltr'>jam</span> <span class='ocrx_word' id='word_1_66' title='bbox 2407 916 2659 966; x_wconf 63' lang='lat' dir='ltr'>quarere,</span> 
     </span>
     <span class='ocr_line' id='line_1_8' title="bbox 472 977 2664 1044; baseline -0.002 -10"><span class='ocrx_word' id='word_1_67' title='bbox 472 983 611 1034; x_wconf 76' lang='lat' dir='ltr'>ande</span> <span class='ocrx_word' id='word_1_68' title='bbox 632 979 889 1031; x_wconf 89' lang='lat' dir='ltr'>Vindelici</span> <span class='ocrx_word' id='word_1_69' title='bbox 911 994 1026 1029; x_wconf 87' lang='lat' dir='ltr'>eum</span> <span class='ocrx_word' id='word_1_70' title='bbox 1050 992 1243 1029; x_wconf 90' lang='lat' dir='ltr'>morem</span> <span class='ocrx_word' id='word_1_71' title='bbox 1276 978 1594 1042; x_wconf 87' lang='lat' dir='ltr'>acceperint,</span> <span class='ocrx_word' id='word_1_72' title='bbox 1616 985 1674 1027; x_wconf 90' lang='lat' dir='ltr'>nt</span> <span class='ocrx_word' id='word_1_73' title='bbox 1696 978 1864 1028; x_wconf 87' lang='lat' dir='ltr'>securi</span> <span class='ocrx_word' id='word_1_74' title='bbox 1890 977 2167 1030; x_wconf 69' lang='lat' dir='ltr'>Amazonia</span> <span class='ocrx_word' id='word_1_75' title='bbox 2190 988 2418 1044; x_wconf 86' lang='lat' dir='ltr'>utantur,</span> <span class='ocrx_word' id='word_1_76' title='bbox 2438 983 2664 1030; x_wconf 87' lang='lat' dir='ltr'>omnino·</span> 
     </span>
     <span class='ocr_line' id='line_1_9' title="bbox 472 1058 2657 1130; baseline -0.001 -17"><span class='ocrx_word' id='word_1_77' title='bbox 472 1077 595 1130; x_wconf 85' lang='lat' dir='ltr'>que,</span> <span class='ocrx_word' id='word_1_78' title='bbox 626 1060 762 1111; x_wconf 88' lang='lat' dir='ltr'>unde</span> <span class='ocrx_word' id='word_1_79' title='bbox 791 1060 1011 1123; x_wconf 84' lang='lat' dir='ltr'>origines</span> <span class='ocrx_word' id='word_1_80' title='bbox 1045 1058 1272 1109; x_wconf 82' lang='lat' dir='ltr'>ducant:</span> <span class='ocrx_word' id='word_1_81' title='bbox 1307 1072 1404 1109; x_wconf 88' lang='lat' dir='ltr'>nec</span> <span class='ocrx_word' id='word_1_82' title='bbox 1439 1059 1574 1108; x_wconf 87' lang='lat' dir='ltr'>scire</span> <span class='ocrx_word' id='word_1_83' title='bbox 1611 1058 1737 1108; x_wconf 89' lang='lat' dir='ltr'>licet</span> <span class='ocrx_word' id='word_1_84' title='bbox 1771 1059 1977 1108; x_wconf 86' lang='lat' dir='ltr'>omnia.’</span> <span class='ocrx_word' id='word_1_85' title='bbox 2040 1060 2177 1112; x_wconf 78' lang='lat' dir='ltr'>Quid</span> <span class='ocrx_word' id='word_1_86' title='bbox 2201 1062 2360 1124; x_wconf 88' lang='lat' dir='ltr'>magis</span> <span class='ocrx_word' id='word_1_87' title='bbox 2383 1061 2602 1112; x_wconf 88' lang='lat' dir='ltr'>alienum</span> <span class='ocrx_word' id='word_1_88' title='bbox 2627 1077 2657 1111; x_wconf 97' lang='lat' dir='ltr'>a</span> 
     </span>
     <span class='ocr_line' id='line_1_10' title="bbox 472 1138 2656 1208; baseline -0.001 -16"><span class='ocrx_word' id='word_1_89' title='bbox 472 1141 702 1208; x_wconf 64' lang='lat' dir='ltr'>poetica,</span> <span class='ocrx_word' id='word_1_90' title='bbox 719 1139 874 1204; x_wconf 73' lang='lat' dir='ltr'>idque</span> <span class='ocrx_word' id='word_1_91' title='bbox 898 1138 1061 1201; x_wconf 79' lang='lat' dir='ltr'>lyrica</span> <span class='ocrx_word' id='word_1_92' title='bbox 1081 1138 1296 1199; x_wconf 83' lang='lat' dir='ltr'>ratione,</span> <span class='ocrx_word' id='word_1_93' title='bbox 1318 1138 1439 1202; x_wconf 88' lang='lat' dir='ltr'>qnid</span> <span class='ocrx_word' id='word_1_94' title='bbox 1478 1138 1642 1201; x_wconf 83' lang='lat' dir='ltr'>magis</span> <span class='ocrx_word' id='word_1_95' title='bbox 1677 1139 1898 1187; x_wconf 87' lang='lat' dir='ltr'>alienum</span> <span class='ocrx_word' id='word_1_96' title='bbox 1921 1139 1989 1189; x_wconf 88' lang='lat' dir='ltr'>ab</span> <span class='ocrx_word' id='word_1_97' title='bbox 2011 1139 2107 1190; x_wconf 87' lang='lat' dir='ltr'>hoc</span> <span class='ocrx_word' id='word_1_98' title='bbox 2130 1148 2451 1202; x_wconf 80' lang='lat' dir='ltr'>argumento,</span> <span class='ocrx_word' id='word_1_99' title='bbox 2472 1140 2538 1190; x_wconf 91' lang='lat' dir='ltr'>ab</span> <span class='ocrx_word' id='word_1_100' title='bbox 2560 1141 2656 1189; x_wconf 80' lang='lat' dir='ltr'>hoc</span> 
     </span>
     <span class='ocr_line' id='line_1_11' title="bbox 471 1216 2656 1284; baseline -0.001 -12"><span class='ocrx_word' id='word_1_101' title='bbox 471 1222 732 1284; x_wconf 84' lang='lat' dir='ltr'>Carmine,</span> <span class='ocrx_word' id='word_1_102' title='bbox 760 1218 828 1268; x_wconf 88' lang='lat' dir='ltr'>ab</span> <span class='ocrx_word' id='word_1_103' title='bbox 865 1219 960 1268; x_wconf 90' lang='lat' dir='ltr'>hoc</span> <span class='ocrx_word' id='word_1_104' title='bbox 994 1219 1106 1267; x_wconf 89' lang='lat' dir='ltr'>loco</span> <span class='ocrx_word' id='word_1_105' title='bbox 1139 1218 1381 1282; x_wconf 85' lang='lat' dir='ltr'>denique,</span> <span class='ocrx_word' id='word_1_106' title='bbox 1412 1217 1536 1281; x_wconf 85' lang='lat' dir='ltr'>quid</span> <span class='ocrx_word' id='word_1_107' title='bbox 1569 1216 1810 1267; x_wconf 88' lang='lat' dir='ltr'>humilius</span> <span class='ocrx_word' id='word_1_108' title='bbox 1843 1226 1999 1282; x_wconf 88' lang='lat' dir='ltr'>atque</span> <span class='ocrx_word' id='word_1_109' title='bbox 2032 1219 2233 1281; x_wconf 78' lang='lat' dir='ltr'>exilius,</span> <span class='ocrx_word' id='word_1_110' title='bbox 2266 1219 2389 1283; x_wconf 87' lang='lat' dir='ltr'>quid</span> <span class='ocrx_word' id='word_1_111' title='bbox 2428 1220 2656 1269; x_wconf 83' lang='lat' dir='ltr'>inutilius</span> 
     </span>
     <span class='ocr_line' id='line_1_12' title="bbox 470 1295 2655 1368; baseline -0.001 -15"><span class='ocrx_word' id='word_1_112' title='bbox 470 1308 627 1368; x_wconf 84' lang='lat' dir='ltr'>atque</span> <span class='ocrx_word' id='word_1_113' title='bbox 651 1298 905 1356; x_wconf 87' lang='lat' dir='ltr'>miserius,</span> <span class='ocrx_word' id='word_1_114' title='bbox 925 1297 1048 1362; x_wconf 86' lang='lat' dir='ltr'>quid</span> <span class='ocrx_word' id='word_1_115' title='bbox 1073 1296 1328 1360; x_wconf 85' lang='lat' dir='ltr'>indignius</span> <span class='ocrx_word' id='word_1_116' title='bbox 1348 1295 1573 1346; x_wconf 83' lang='lat' dir='ltr'>Horatio</span> <span class='ocrx_word' id='word_1_117' title='bbox 1596 1310 1711 1346; x_wconf 90' lang='lat' dir='ltr'>esse</span> <span class='ocrx_word' id='word_1_118' title='bbox 1734 1298 1898 1360; x_wconf 85' lang='lat' dir='ltr'>possit</span> <span class='ocrx_word' id='word_1_119' title='bbox 1912 1298 2011 1347; x_wconf 78' lang='lat' dir='ltr'>bac</span> <span class='ocrx_word' id='word_1_120' title='bbox 2033 1297 2121 1348; x_wconf 90' lang='lat' dir='ltr'>tali</span> <span class='ocrx_word' id='word_1_121' title='bbox 2147 1299 2478 1361; x_wconf 73' lang='lat' dir='ltr'>parenthesi?</span> <span class='ocrx_word' id='word_1_122' title='bbox 2511 1298 2655 1351; x_wconf 86' lang='lat' dir='ltr'>Obli-</span> 
     </span>
     <span class='ocr_line' id='line_1_13' title="bbox 467 1373 2656 1443; baseline -0.001 -12"><span class='ocrx_word' id='word_1_123' title='bbox 467 1381 732 1443; x_wconf 79' lang='lat' dir='ltr'>viscimur,</span> <span class='ocrx_word' id='word_1_124' title='bbox 774 1391 867 1426; x_wconf 90' lang='lat' dir='ltr'>nos</span> <span class='ocrx_word' id='word_1_125' title='bbox 914 1378 1086 1441; x_wconf 86' lang='lat' dir='ltr'>legere</span> <span class='ocrx_word' id='word_1_126' title='bbox 1124 1376 1378 1440; x_wconf 70' lang='lat' dir='ltr'>incepisse</span> <span class='ocrx_word' id='word_1_127' title='bbox 1413 1373 1567 1424; x_wconf 90' lang='lat' dir='ltr'>Oden</span> <span class='ocrx_word' id='word_1_128' title='bbox 1600 1374 1866 1425; x_wconf 87' lang='lat' dir='ltr'>sublimem</span> <span class='ocrx_word' id='word_1_129' title='bbox 1902 1377 2208 1442; x_wconf 83' lang='lat' dir='ltr'>plenamque</span> <span class='ocrx_word' id='word_1_130' title='bbox 2244 1378 2428 1427; x_wconf 87' lang='lat' dir='ltr'>caloris</span> <span class='ocrx_word' id='word_1_131' title='bbox 2459 1378 2656 1441; x_wconf 88' lang='lat' dir='ltr'>Pierii;</span> 
     </span>
     <span class='ocr_line' id='line_1_14' title="bbox 469 1454 2654 1522; baseline -0 -11"><span class='ocrx_word' id='word_1_132' title='bbox 469 1460 643 1512; x_wconf 89' lang='lat' dir='ltr'>subito</span> <span class='ocrx_word' id='word_1_133' title='bbox 664 1455 821 1509; x_wconf 84' lang='lat' dir='ltr'>deiati</span> <span class='ocrx_word' id='word_1_134' title='bbox 842 1471 1013 1508; x_wconf 85' lang='lat' dir='ltr'>sumus</span> <span class='ocrx_word' id='word_1_135' title='bbox 1047 1458 1099 1505; x_wconf 88' lang='lat' dir='ltr'>in</span> <span class='ocrx_word' id='word_1_136' title='bbox 1138 1457 1625 1507; x_wconf 69' lang='lat' dir='ltr'>commentationem</span> <span class='ocrx_word' id='word_1_137' title='bbox 1662 1454 1958 1506; x_wconf 87' lang='lat' dir='ltr'>historicam</span> <span class='ocrx_word' id='word_1_138' title='bbox 1995 1459 2074 1507; x_wconf 75' lang='lat' dir='ltr'>rel</span> <span class='ocrx_word' id='word_1_139' title='bbox 2097 1458 2452 1522; x_wconf 73' lang='lat' dir='ltr'>antiquarium.</span> <span class='ocrx_word' id='word_1_140' title='bbox 2515 1460 2654 1522; x_wconf 81' lang='lat' dir='ltr'>Ergo</span> 
     </span>
     <span class='ocr_line' id='line_1_15' title="bbox 469 1535 2657 1603; baseline -0.002 -12"><span class='ocrx_word' id='word_1_141' title='bbox 469 1555 694 1592; x_wconf 88' lang='lat' dir='ltr'>summus</span> <span class='ocrx_word' id='word_1_142' title='bbox 711 1537 1036 1603; x_wconf 71' lang='lat' dir='ltr'>antiquitatis</span> <span class='ocrx_word' id='word_1_143' title='bbox 1051 1536 1219 1587; x_wconf 66' lang='lat' dir='ltr'>Poeta</span> <span class='ocrx_word' id='word_1_144' title='bbox 1240 1536 1290 1585; x_wconf 92' lang='lat' dir='ltr'>in</span> <span class='ocrx_word' id='word_1_145' title='bbox 1309 1535 1497 1597; x_wconf 89' lang='lat' dir='ltr'>medio,</span> <span class='ocrx_word' id='word_1_146' title='bbox 1520 1549 1684 1600; x_wconf 85' lang='lat' dir='ltr'>eoque</span> <span class='ocrx_word' id='word_1_147' title='bbox 1698 1536 2068 1599; x_wconf 80' lang='lat' dir='ltr'>excelsissimo,</span> <span class='ocrx_word' id='word_1_148' title='bbox 2088 1551 2190 1601; x_wconf 85' lang='lat' dir='ltr'>quo</span> <span class='ocrx_word' id='word_1_149' title='bbox 2209 1551 2428 1602; x_wconf 89' lang='lat' dir='ltr'>unquam</span> <span class='ocrx_word' id='word_1_150' title='bbox 2443 1539 2657 1601; x_wconf 80' lang='lat' dir='ltr'>exarsit,</span> 
     </span>
     <span class='ocr_line' id='line_1_16' title="bbox 467 1615 2657 1680; baseline 0 -10"><span class='ocrx_word' id='word_1_151' title='bbox 467 1620 831 1680; x_wconf 82' lang='lat' dir='ltr'>enthusiasmo,</span> <span class='ocrx_word' id='word_1_152' title='bbox 854 1618 979 1667; x_wconf 90' lang='lat' dir='ltr'>satis</span> <span class='ocrx_word' id='word_1_153' title='bbox 1003 1616 1311 1680; x_wconf 69' lang='lat' dir='ltr'>phlegmatis</span> <span class='ocrx_word' id='word_1_154' title='bbox 1330 1615 1527 1679; x_wconf 88' lang='lat' dir='ltr'>habuit,</span> <span class='ocrx_word' id='word_1_155' title='bbox 1546 1615 1672 1665; x_wconf 88' lang='lat' dir='ltr'>satis</span> <span class='ocrx_word' id='word_1_156' title='bbox 1702 1616 1975 1679; x_wconf 82' lang='lat' dir='ltr'>tranquillo</span> <span class='ocrx_word' id='word_1_157' title='bbox 1998 1630 2059 1667; x_wconf 89' lang='lat' dir='ltr'>ac</span> <span class='ocrx_word' id='word_1_158' title='bbox 2084 1617 2223 1666; x_wconf 89' lang='lat' dir='ltr'>lento</span> <span class='ocrx_word' id='word_1_159' title='bbox 2252 1617 2424 1666; x_wconf 86' lang='lat' dir='ltr'>animo</span> <span class='ocrx_word' id='word_1_160' title='bbox 2451 1615 2572 1680; x_wconf 87' lang='lat' dir='ltr'>fnit,</span> <span class='ocrx_word' id='word_1_161' title='bbox 2593 1627 2657 1670; x_wconf 86' lang='lat' dir='ltr'>ut</span> 
     </span>
     <span class='ocr_line' id='line_1_17' title="bbox 467 1694 2653 1770; baseline -0.003 -20"><span class='ocrx_word' id='word_1_162' title='bbox 467 1699 744 1762; x_wconf 76' lang='lat' dir='ltr'>concipere</span> <span class='ocrx_word' id='word_1_163' title='bbox 777 1710 977 1762; x_wconf 81' lang='lat' dir='ltr'>sensnm</span> <span class='ocrx_word' id='word_1_164' title='bbox 1013 1703 1115 1746; x_wconf 86' lang='lat' dir='ltr'>tam</span> <span class='ocrx_word' id='word_1_165' title='bbox 1139 1694 1402 1770; x_wconf 76' lang='lat' dir='ltr'>frigidum,</span> <span class='ocrx_word' id='word_1_166' title='bbox 1433 1695 1664 1746; x_wconf 87' lang='lat' dir='ltr'>inserere</span> <span class='ocrx_word' id='word_1_167' title='bbox 1682 1703 1792 1746; x_wconf 87' lang='lat' dir='ltr'>tam</span> <span class='ocrx_word' id='word_1_168' title='bbox 1811 1695 2029 1746; x_wconf 87' lang='lat' dir='ltr'>alienam</span> <span class='ocrx_word' id='word_1_169' title='bbox 2047 1696 2362 1747; x_wconf 81' lang='lat' dir='ltr'>sententiam</span> <span class='ocrx_word' id='word_1_170' title='bbox 2393 1696 2653 1760; x_wconf 85' lang='lat' dir='ltr'>potuerit?</span> 
     </span>
     <span class='ocr_line' id='line_1_18' title="bbox 466 1775 2656 1844; baseline -0.002 -13"><span class='ocrx_word' id='word_1_171' title='bbox 466 1780 588 1831; x_wconf 81' lang='lat' dir='ltr'>Hoc</span> <span class='ocrx_word' id='word_1_172' title='bbox 609 1780 653 1830; x_wconf 89' lang='lat' dir='ltr'>si</span> <span class='ocrx_word' id='word_1_173' title='bbox 676 1780 788 1844; x_wconf 81' lang='lat' dir='ltr'>quis</span> <span class='ocrx_word' id='word_1_174' title='bbox 805 1777 1022 1828; x_wconf 89' lang='lat' dir='ltr'>credere</span> <span class='ocrx_word' id='word_1_175' title='bbox 1045 1777 1225 1840; x_wconf 84' lang='lat' dir='ltr'>possit,</span> <span class='ocrx_word' id='word_1_176' title='bbox 1246 1789 1365 1826; x_wconf 88' lang='lat' dir='ltr'>eum</span> <span class='ocrx_word' id='word_1_177' title='bbox 1383 1788 1550 1841; x_wconf 82' lang='lat' dir='ltr'>neque</span> <span class='ocrx_word' id='word_1_178' title='bbox 1581 1775 1777 1840; x_wconf 85' lang='lat' dir='ltr'>ingenii</span> <span class='ocrx_word' id='word_1_179' title='bbox 1802 1775 2095 1836; x_wconf 78' lang='lat' dir='ltr'>Hor-atiani,</span> <span class='ocrx_word' id='word_1_180' title='bbox 2116 1789 2282 1840; x_wconf 72' lang='lat' dir='ltr'>neque</span> <span class='ocrx_word' id='word_1_181' title='bbox 2305 1776 2518 1828; x_wconf 89' lang='lat' dir='ltr'>rationis</span> <span class='ocrx_word' id='word_1_182' title='bbox 2533 1777 2656 1841; x_wconf 68' lang='lat' dir='ltr'>lyri-</span> 
     </span>
     <span class='ocr_line' id='line_1_19' title="bbox 465 1853 2652 1924; baseline -0.002 -13"><span class='ocrx_word' id='word_1_183' title='bbox 465 1874 564 1920; x_wconf 68' lang='lat' dir='ltr'>cm,</span> <span class='ocrx_word' id='word_1_184' title='bbox 580 1873 747 1924; x_wconf 82' lang='lat' dir='ltr'>neque</span> <span class='ocrx_word' id='word_1_185' title='bbox 770 1859 1059 1907; x_wconf 81' lang='lat' dir='ltr'>universam</span> <span class='ocrx_word' id='word_1_186' title='bbox 1098 1855 1256 1905; x_wconf 87' lang='lat' dir='ltr'>animi</span> <span class='ocrx_word' id='word_1_187' title='bbox 1291 1855 1499 1905; x_wconf 87' lang='lat' dir='ltr'>hnmani</span> <span class='ocrx_word' id='word_1_188' title='bbox 1531 1853 1756 1905; x_wconf 76' lang='lat' dir='ltr'>indolem</span> <span class='ocrx_word' id='word_1_189' title='bbox 1789 1868 1940 1906; x_wconf 88' lang='lat' dir='ltr'>nosse</span> <span class='ocrx_word' id='word_1_190' title='bbox 1966 1860 2120 1919; x_wconf 87' lang='lat' dir='ltr'>atque</span> <span class='ocrx_word' id='word_1_191' title='bbox 2142 1854 2433 1918; x_wconf 81' lang='lat' dir='ltr'>intelligere</span> <span class='ocrx_word' id='word_1_192' title='bbox 2455 1863 2652 1918; x_wconf 81' lang='lat' dir='ltr'>putem.</span> 
     </span>
     <span class='ocr_line' id='line_1_20' title="bbox 465 1921 2653 2004; baseline -0.002 -15"><span class='ocrx_word' id='word_1_193' title='bbox 465 1938 558 2000; x_wconf 79' lang='lat' dir='ltr'>At,</span> <span class='ocrx_word' id='word_1_194' title='bbox 580 1938 746 2004; x_wconf 85' lang='lat' dir='ltr'>inquit</span> <span class='ocrx_word' id='word_1_195' title='bbox 767 1937 1047 1996; x_wconf 84' lang='lat' dir='ltr'>Baxterus,</span> <span class='ocrx_word' id='word_1_196' title='bbox 1085 1936 1405 1985; x_wconf 89' lang='lat' dir='ltr'>necessarius</span> <span class='ocrx_word' id='word_1_197' title='bbox 1427 1941 1513 1985; x_wconf 91' lang='lat' dir='ltr'>est</span> <span class='ocrx_word' id='word_1_198' title='bbox 1533 1934 1633 1984; x_wconf 86' lang='lat' dir='ltr'>iste</span> <span class='ocrx_word' id='word_1_199' title='bbox 1659 1934 1800 1983; x_wconf 91' lang='lat' dir='ltr'>locus</span> <span class='ocrx_word' id='word_1_200' title='bbox 1822 1936 1888 1983; x_wconf 88' lang='lat' dir='ltr'>ad</span> <span class='ocrx_word' id='word_1_201' title='bbox 1911 1921 2249 1984; x_wconf 74' lang='lat' dir='ltr'>indicandam</span> <span class='ocrx_word' id='word_1_202' title='bbox 2266 1935 2484 1984; x_wconf 88' lang='lat' dir='ltr'>hostium</span> <span class='ocrx_word' id='word_1_203' title='bbox 2515 1934 2653 1984; x_wconf 80' lang='lat' dir='ltr'>fero-</span> 
     </span>
     <span class='ocr_line' id='line_1_21' title="bbox 464 2012 2652 2080; baseline -0 -15"><span class='ocrx_word' id='word_1_204' title='bbox 464 2017 618 2068; x_wconf 83' lang='lat' dir='ltr'>ciam.</span> <span class='ocrx_word' id='word_1_205' title='bbox 684 2016 734 2066; x_wconf 88' lang='grc' dir='ltr'>Ο</span> <span class='ocrx_word' id='word_1_206' title='bbox 759 2016 1081 2080; x_wconf 74' lang='lat' dir='ltr'>insipientem</span> <span class='ocrx_word' id='word_1_207' title='bbox 1103 2014 1357 2066; x_wconf 87' lang='lat' dir='ltr'>hominem</span> <span class='ocrx_word' id='word_1_208' title='bbox 1380 2021 1539 2079; x_wconf 85' lang='lat' dir='ltr'>atque</span> <span class='ocrx_word' id='word_1_209' title='bbox 1556 2012 1848 2065; x_wconf 76' lang='lat' dir='ltr'>inficetum!</span> <span class='ocrx_word' id='word_1_210' title='bbox 1916 2015 1971 2064; x_wconf 84' lang='lat' dir='ltr'>Si</span> <span class='ocrx_word' id='word_1_211' title='bbox 1993 2014 2154 2064; x_wconf 83' lang='lat' dir='ltr'>voluit</span> <span class='ocrx_word' id='word_1_212' title='bbox 2172 2012 2420 2064; x_wconf 85' lang='lat' dir='ltr'>Horatius</span> <span class='ocrx_word' id='word_1_213' title='bbox 2438 2016 2652 2079; x_wconf 83' lang='lat' dir='ltr'>pingere</span> 
     </span>
     <span class='ocr_line' id='line_1_22' title="bbox 464 2092 2653 2159; baseline -0.001 -13"><span class='ocrx_word' id='word_1_214' title='bbox 464 2094 849 2146; x_wconf 79' lang='lat' dir='ltr'>vindelicorum</span> <span class='ocrx_word' id='word_1_215' title='bbox 878 2093 1120 2143; x_wconf 86' lang='lat' dir='ltr'>ferociam</span> <span class='ocrx_word' id='word_1_216' title='bbox 1142 2094 1269 2159; x_wconf 88' lang='lat' dir='ltr'>(quo</span> <span class='ocrx_word' id='word_1_217' title='bbox 1300 2094 1505 2144; x_wconf 87' lang='lat' dir='ltr'>omnino</span> <span class='ocrx_word' id='word_1_218' title='bbox 1527 2107 1622 2158; x_wconf 86' lang='lat' dir='ltr'>per</span> <span class='ocrx_word' id='word_1_219' title='bbox 1637 2108 1696 2143; x_wconf 89' lang='lat' dir='ltr'>se</span> <span class='ocrx_word' id='word_1_220' title='bbox 1719 2094 1892 2144; x_wconf 80' lang='lat' dir='ltr'>valere</span> <span class='ocrx_word' id='word_1_221' title='bbox 1924 2092 2187 2145; x_wconf 83' lang='lat' dir='ltr'>‘secures&#39;</span> <span class='ocrx_word' id='word_1_222' title='bbox 2213 2093 2500 2158; x_wconf 87' lang='lat' dir='ltr'>poterant),</span> <span class='ocrx_word' id='word_1_223' title='bbox 2529 2094 2653 2144; x_wconf 90' lang='lat' dir='ltr'>hoc·</span> 
     </span>
     <span class='ocr_line' id='line_1_23' title="bbox 463 2174 2652 2239; baseline -0.001 -13"><span class='ocrx_word' id='word_1_224' title='bbox 463 2177 582 2227; x_wconf 89' lang='lat' dir='ltr'>ciue</span> <span class='ocrx_word' id='word_1_225' title='bbox 605 2189 721 2225; x_wconf 89' lang='lat' dir='ltr'>eum</span> <span class='ocrx_word' id='word_1_226' title='bbox 742 2175 816 2225; x_wconf 88' lang='lat' dir='ltr'>ita</span> <span class='ocrx_word' id='word_1_227' title='bbox 836 2175 1012 2239; x_wconf 88' lang='lat' dir='ltr'>inepte</span> <span class='ocrx_word' id='word_1_228' title='bbox 1033 2174 1331 2237; x_wconf 78' lang='lat' dir='ltr'>instituere,</span> <span class='ocrx_word' id='word_1_229' title='bbox 1354 2176 1429 2225; x_wconf 88' lang='lat' dir='ltr'>ita</span> <span class='ocrx_word' id='word_1_230' title='bbox 1450 2174 1636 2224; x_wconf 87' lang='lat' dir='ltr'>inscite</span> <span class='ocrx_word' id='word_1_231' title='bbox 1654 2174 1863 2238; x_wconf 80' lang='lat' dir='ltr'>aggredi</span> <span class='ocrx_word' id='word_1_232' title='bbox 1882 2175 2110 2238; x_wconf 85' lang='lat' dir='ltr'>potuisse</span> <span class='ocrx_word' id='word_1_233' title='bbox 2126 2175 2418 2238; x_wconf 84' lang='lat' dir='ltr'>credamus,</span> <span class='ocrx_word' id='word_1_234' title='bbox 2436 2182 2492 2224; x_wconf 88' lang='lat' dir='ltr'>ut</span> <span class='ocrx_word' id='word_1_235' title='bbox 2508 2174 2652 2224; x_wconf 88' lang='lat' dir='ltr'>dice-</span> 
     </span>
     <span class='ocr_line' id='line_1_24' title="bbox 464 2253 2652 2320; baseline -0.002 -14"><span class='ocrx_word' id='word_1_236' title='bbox 464 2262 581 2307; x_wconf 84' lang='lat' dir='ltr'>ret:</span> <span class='ocrx_word' id='word_1_237' title='bbox 616 2257 632 2284; x_wconf 76' lang='lat'><em>⁴</em></span> <span class='ocrx_word' id='word_1_238' title='bbox 649 2256 766 2305; x_wconf 89' lang='lat' dir='ltr'>nolo</span> <span class='ocrx_word' id='word_1_239' title='bbox 799 2267 1051 2320; x_wconf 67' lang='lat' dir='ltr'>querere,</span> <span class='ocrx_word' id='word_1_240' title='bbox 1089 2253 1225 2303; x_wconf 88' lang='lat' dir='ltr'>uude</span> <span class='ocrx_word' id='word_1_241' title='bbox 1257 2267 1462 2304; x_wconf 86' lang='lat' dir='ltr'>secures</span> <span class='ocrx_word' id='word_1_242' title='bbox 1500 2255 1834 2317; x_wconf 81' lang='lat' dir='ltr'>acceperint3</span> <span class='ocrx_word' id='word_1_243' title='bbox 1866 2268 1965 2304; x_wconf 88' lang='lat' dir='ltr'>nec</span> <span class='ocrx_word' id='word_1_244' title='bbox 2007 2255 2140 2305; x_wconf 86' lang='lat' dir='ltr'>scire</span> <span class='ocrx_word' id='word_1_245' title='bbox 2179 2253 2256 2304; x_wconf 84' lang='lat' dir='ltr'>fas</span> <span class='ocrx_word' id='word_1_246' title='bbox 2295 2262 2377 2304; x_wconf 88' lang='lat' dir='ltr'>est</span> <span class='ocrx_word' id='word_1_247' title='bbox 2418 2253 2652 2303; x_wconf 83' lang='lat' dir='ltr'>omnia?&#39;</span> 
     </span>
     <span class='ocr_line' id='line_1_25' title="bbox 462 2334 2650 2400; baseline -0.002 -12"><span class='ocrx_word' id='word_1_248' title='bbox 462 2336 593 2389; x_wconf 81' lang='lat' dir='ltr'>Quis</span> <span class='ocrx_word' id='word_1_249' title='bbox 616 2335 669 2385; x_wconf 88' lang='lat' dir='ltr'>in</span> <span class='ocrx_word' id='word_1_250' title='bbox 689 2336 784 2385; x_wconf 86' lang='lat' dir='ltr'>bac</span> <span class='ocrx_word' id='word_1_251' title='bbox 807 2336 896 2385; x_wconf 88' lang='lat' dir='ltr'>tali</span> <span class='ocrx_word' id='word_1_252' title='bbox 933 2334 1207 2385; x_wconf 80' lang='lat' dir='ltr'>verborum</span> <span class='ocrx_word' id='word_1_253' title='bbox 1239 2334 1577 2385; x_wconf 83' lang='lat' dir='ltr'>conversione</span> <span class='ocrx_word' id='word_1_254' title='bbox 1611 2334 1736 2384; x_wconf 87' lang='lat' dir='ltr'>illud</span> <span class='ocrx_word' id='word_1_255' title='bbox 1770 2334 2056 2396; x_wconf 87' lang='lat' dir='ltr'>consilium,</span> <span class='ocrx_word' id='word_1_256' title='bbox 2087 2335 2201 2400; x_wconf 89' lang='lat' dir='ltr'>quis</span> <span class='ocrx_word' id='word_1_257' title='bbox 2235 2335 2507 2398; x_wconf 85' lang='lat' dir='ltr'>picturam,</span> <span class='ocrx_word' id='word_1_258' title='bbox 2535 2335 2650 2398; x_wconf 87' lang='lat' dir='ltr'>quis</span> 
     </span>
     <span class='ocr_line' id='line_1_26' title="bbox 461 2412 2649 2478; baseline -0.001 -12"><span class='ocrx_word' id='word_1_259' title='bbox 461 2416 708 2466; x_wconf 70' lang='lat' dir='ltr'>Romanae</span> <span class='ocrx_word' id='word_1_260' title='bbox 729 2414 991 2464; x_wconf 82' lang='lat' dir='ltr'>fidicinem</span> <span class='ocrx_word' id='word_1_261' title='bbox 1013 2415 1141 2478; x_wconf 71' lang='lat' dir='ltr'>lyrae</span> <span class='ocrx_word' id='word_1_262' title='bbox 1166 2422 1407 2478; x_wconf 85' lang='lat' dir='ltr'>agnoscat</span> <span class='ocrx_word' id='word_1_263' title='bbox 1428 2413 1447 2460; x_wconf 83' lang='lat'>?</span> <span class='ocrx_word' id='word_1_264' title='bbox 1513 2414 1767 2463; x_wconf 88' lang='lat' dir='ltr'>Dacerius</span> <span class='ocrx_word' id='word_1_265' title='bbox 1790 2414 1914 2464; x_wconf 83' lang='lat' dir='ltr'>licet</span> <span class='ocrx_word' id='word_1_266' title='bbox 1935 2412 2184 2474; x_wconf 86' lang='lat' dir='ltr'>fateatur,</span> <span class='ocrx_word' id='word_1_267' title='bbox 2217 2414 2370 2477; x_wconf 89' lang='lat' dir='ltr'>plane</span> <span class='ocrx_word' id='word_1_268' title='bbox 2389 2414 2649 2478; x_wconf 86' lang='lat' dir='ltr'>prosaicos</span> 
     </span>
     <span class='ocr_line' id='line_1_27' title="bbox 458 2491 2649 2560; baseline -0.001 -15"><span class='ocrx_word' id='word_1_269' title='bbox 458 2501 616 2560; x_wconf 86' lang='lat' dir='ltr'>atque</span> <span class='ocrx_word' id='word_1_270' title='bbox 639 2495 856 2544; x_wconf 83' lang='lat' dir='ltr'>humiles</span> <span class='ocrx_word' id='word_1_271' title='bbox 878 2508 992 2544; x_wconf 85' lang='lat' dir='ltr'>esse</span> <span class='ocrx_word' id='word_1_272' title='bbox 1012 2495 1106 2543; x_wconf 88' lang='lat' dir='ltr'>hos</span> <span class='ocrx_word' id='word_1_273' title='bbox 1126 2508 1325 2557; x_wconf 80' lang='lat' dir='ltr'>versus,</span> <span class='ocrx_word' id='word_1_274' title='bbox 1347 2507 1518 2558; x_wconf 83' lang='lat' dir='ltr'>neque</span> <span class='ocrx_word' id='word_1_275' title='bbox 1540 2495 1774 2559; x_wconf 89' lang='lat' dir='ltr'>meritos,</span> <span class='ocrx_word' id='word_1_276' title='bbox 1796 2493 1952 2558; x_wconf 85' lang='lat' dir='ltr'>quiin</span> <span class='ocrx_word' id='word_1_277' title='bbox 1968 2494 2100 2544; x_wconf 83' lang='lat' dir='ltr'>banc</span> <span class='ocrx_word' id='word_1_278' title='bbox 2122 2493 2274 2543; x_wconf 86' lang='lat' dir='ltr'>Oden</span> <span class='ocrx_word' id='word_1_279' title='bbox 2297 2491 2609 2543; x_wconf 86' lang='lat' dir='ltr'>inferrentur</span> <span class='ocrx_word' id='word_1_280' title='bbox 2631 2510 2649 2555; x_wconf 70' lang='grc' dir='ltr'><strong><em>ς</em></strong></span> 
     </span>
     <span class='ocr_line' id='line_1_28' title="bbox 458 2562 2649 2638; baseline 0 -15"><span class='ocrx_word' id='word_1_281' title='bbox 458 2581 636 2623; x_wconf 88' lang='lat' dir='ltr'>tamen</span> <span class='ocrx_word' id='word_1_282' title='bbox 657 2573 892 2623; x_wconf 80' lang='lat' dir='ltr'>excusari</span> <span class='ocrx_word' id='word_1_283' title='bbox 914 2572 1124 2623; x_wconf 82' lang='lat' dir='ltr'>eosdem</span> <span class='ocrx_word' id='word_1_284' title='bbox 1160 2581 1215 2624; x_wconf 90' lang='lat' dir='ltr'>et</span> <span class='ocrx_word' id='word_1_285' title='bbox 1238 2572 1361 2623; x_wconf 89' lang='lat' dir='ltr'>ferri</span> <span class='ocrx_word' id='word_1_286' title='bbox 1395 2586 1546 2637; x_wconf 90' lang='lat' dir='ltr'>posse</span> <span class='ocrx_word' id='word_1_287' title='bbox 1572 2579 1737 2636; x_wconf 89' lang='lat' dir='ltr'>putat,</span> <span class='ocrx_word' id='word_1_288' title='bbox 1759 2581 2013 2638; x_wconf 79' lang='lat' dir='ltr'>quatenus</span> <span class='ocrx_word' id='word_1_289' title='bbox 2035 2562 2307 2635; x_wconf 60' lang='lat' dir='ltr'>repis-racis</span> <span class='ocrx_word' id='word_1_290' title='bbox 2327 2572 2474 2622; x_wconf 87' lang='lat' dir='ltr'>nobis</span> <span class='ocrx_word' id='word_1_291' title='bbox 2495 2573 2649 2623; x_wconf 88' lang='lat' dir='ltr'>hodie</span> 
     </span>
     <span class='ocr_line' id='line_1_29' title="bbox 458 2652 2649 2719; baseline 0 -17"><span class='ocrx_word' id='word_1_292' title='bbox 458 2654 639 2719; x_wconf 87' lang='lat' dir='ltr'>ignota</span> <span class='ocrx_word' id='word_1_293' title='bbox 660 2654 826 2703; x_wconf 89' lang='lat' dir='ltr'>locum</span> <span class='ocrx_word' id='word_1_294' title='bbox 851 2652 952 2703; x_wconf 89' lang='lat' dir='ltr'>illis</span> <span class='ocrx_word' id='word_1_295' title='bbox 974 2653 1096 2703; x_wconf 87' lang='lat' dir='ltr'>dare</span> <span class='ocrx_word' id='word_1_296' title='bbox 1119 2654 1378 2718; x_wconf 81' lang='lat' dir='ltr'>potuerit:</span> <span class='ocrx_word' id='word_1_297' title='bbox 1414 2654 1525 2703; x_wconf 81' lang='lat' dir='ltr'>sive</span> <span class='ocrx_word' id='word_1_298' title='bbox 1560 2652 1739 2703; x_wconf 64' lang='lat' dir='ltr'>Romae</span> <span class='ocrx_word' id='word_1_299' title='bbox 1761 2662 1816 2703; x_wconf 88' lang='lat' dir='ltr'>et</span> <span class='ocrx_word' id='word_1_300' title='bbox 1847 2654 1900 2703; x_wconf 91' lang='lat' dir='ltr'>in</span> <span class='ocrx_word' id='word_1_301' title='bbox 1921 2654 2040 2703; x_wconf 89' lang='lat' dir='ltr'>aula</span> <span class='ocrx_word' id='word_1_302' title='bbox 2059 2654 2281 2717; x_wconf 76' lang='lat' dir='ltr'>Augusti</span> <span class='ocrx_word' id='word_1_303' title='bbox 2305 2668 2368 2702; x_wconf 86' lang='lat' dir='ltr'>eo</span> <span class='ocrx_word' id='word_1_304' title='bbox 2394 2661 2649 2716; x_wconf 85' lang='lat' dir='ltr'>tempore,</span> 
     </span>
     <span class='ocr_line' id='line_1_30' title="bbox 457 2732 2649 2798; baseline -0 -15"><span class='ocrx_word' id='word_1_305' title='bbox 457 2733 731 2784; x_wconf 80' lang='lat' dir='ltr'>occasione</span> <span class='ocrx_word' id='word_1_306' title='bbox 752 2732 984 2782; x_wconf 71' lang='lat' dir='ltr'>victoria.-</span> <span class='ocrx_word' id='word_1_307' title='bbox 1009 2733 1190 2794; x_wconf 88' lang='lat' dir='ltr'>Drusi,</span> <span class='ocrx_word' id='word_1_308' title='bbox 1211 2733 1361 2782; x_wconf 89' lang='lat' dir='ltr'>multi</span> <span class='ocrx_word' id='word_1_309' title='bbox 1385 2733 1616 2797; x_wconf 81' lang='lat' dir='ltr'>variique</span> <span class='ocrx_word' id='word_1_310' title='bbox 1636 2748 1915 2794; x_wconf 80' lang='lat' dir='ltr'>sermones,</span> <span class='ocrx_word' id='word_1_311' title='bbox 1936 2747 2241 2798; x_wconf 69' lang='lat' dir='ltr'>magnaeque</span> <span class='ocrx_word' id='word_1_312' title='bbox 2263 2734 2649 2791; x_wconf 58' lang='lat' dir='ltr'>controversie,</span> 
     </span>
     <span class='ocr_line' id='line_1_31' title="bbox 459 2812 2647 2877; baseline 0.001 -16"><span class='ocrx_word' id='word_1_313' title='bbox 459 2812 526 2861; x_wconf 89' lang='lat' dir='ltr'>de</span> <span class='ocrx_word' id='word_1_314' title='bbox 547 2813 810 2864; x_wconf 83' lang='lat' dir='ltr'>securibus</span> <span class='ocrx_word' id='word_1_315' title='bbox 829 2813 1217 2864; x_wconf 82' lang='lat' dir='ltr'>vindelicorum</span> <span class='ocrx_word' id='word_1_316' title='bbox 1240 2812 1554 2873; x_wconf 83' lang='lat' dir='ltr'>inciderint;</span> <span class='ocrx_word' id='word_1_317' title='bbox 1589 2814 1700 2863; x_wconf 76' lang='lat' dir='ltr'>sive</span> <span class='ocrx_word' id='word_1_318' title='bbox 1735 2813 1904 2863; x_wconf 69' lang='lat' dir='ltr'>Poeta</span> <span class='ocrx_word' id='word_1_319' title='bbox 1936 2812 2081 2862; x_wconf 71' lang='lat' dir='ltr'>vafre</span> <span class='ocrx_word' id='word_1_320' title='bbox 2114 2821 2327 2875; x_wconf 87' lang='lat' dir='ltr'>tangere</span> <span class='ocrx_word' id='word_1_321' title='bbox 2350 2819 2506 2877; x_wconf 87' lang='lat' dir='ltr'>atque</span> <span class='ocrx_word' id='word_1_322' title='bbox 2530 2813 2647 2863; x_wconf 89' lang='lat' dir='ltr'>irri-</span> 
     </span>
     <span class='ocr_line' id='line_1_32' title="bbox 457 2890 2644 2958; baseline 0 -18"><span class='ocrx_word' id='word_1_323' title='bbox 457 2890 584 2940; x_wconf 88' lang='lat' dir='ltr'>dere</span> <span class='ocrx_word' id='word_1_324' title='bbox 608 2894 827 2942; x_wconf 86' lang='lat' dir='ltr'>voluerit</span> <span class='ocrx_word' id='word_1_325' title='bbox 849 2894 1081 2957; x_wconf 86' lang='lat' dir='ltr'>ineptum</span> <span class='ocrx_word' id='word_1_326' title='bbox 1104 2894 1241 2943; x_wconf 87' lang='lat' dir='ltr'>illius</span> <span class='ocrx_word' id='word_1_327' title='bbox 1279 2893 1449 2943; x_wconf 64' lang='lat' dir='ltr'>etatis</span> <span class='ocrx_word' id='word_1_328' title='bbox 1475 2893 1715 2955; x_wconf 69' lang='lat' dir='ltr'>Poetaru,</span> <span class='ocrx_word' id='word_1_329' title='bbox 1747 2895 1833 2958; x_wconf 86' lang='lat' dir='ltr'>qui</span> <span class='ocrx_word' id='word_1_330' title='bbox 1861 2894 1914 2943; x_wconf 89' lang='lat' dir='ltr'>in</span> <span class='ocrx_word' id='word_1_331' title='bbox 1949 2893 2212 2954; x_wconf 82' lang='lat' dir='ltr'>Carmine,</span> <span class='ocrx_word' id='word_1_332' title='bbox 2246 2907 2346 2956; x_wconf 83' lang='lat' dir='ltr'>quo</span> <span class='ocrx_word' id='word_1_333' title='bbox 2380 2892 2644 2942; x_wconf 88' lang='lat' dir='ltr'>celebrare</span> 
     </span>
     <span class='ocr_line' id='line_1_33' title="bbox 454 2970 2643 3037; baseline 0.001 -18"><span class='ocrx_word' id='word_1_334' title='bbox 454 2970 766 3021; x_wconf 86' lang='lat' dir='ltr'>instituisset</span> <span class='ocrx_word' id='word_1_335' title='bbox 782 2973 941 3022; x_wconf 88' lang='lat' dir='ltr'>Drusi</span> <span class='ocrx_word' id='word_1_336' title='bbox 964 2973 1250 3035; x_wconf 83' lang='lat' dir='ltr'>victoriam,</span> <span class='ocrx_word' id='word_1_337' title='bbox 1274 2973 1354 3022; x_wconf 78' lang='lat' dir='ltr'>vel</span> <span class='ocrx_word' id='word_1_338' title='bbox 1377 2973 1476 3022; x_wconf 84' lang='lat' dir='ltr'>aliu</span> <span class='ocrx_word' id='word_1_339' title='bbox 1501 2987 1822 3037; x_wconf 85' lang='lat' dir='ltr'>quocumque</span> <span class='ocrx_word' id='word_1_340' title='bbox 1836 2973 1887 3022; x_wconf 84' lang='lat' dir='ltr'>in</span> <span class='ocrx_word' id='word_1_341' title='bbox 1905 2987 2080 3036; x_wconf 82' lang='lat' dir='ltr'>opere,</span> <span class='ocrx_word' id='word_1_342' title='bbox 2098 2973 2302 3021; x_wconf 87' lang='lat' dir='ltr'>curiose</span> <span class='ocrx_word' id='word_1_343' title='bbox 2324 2986 2643 3036; x_wconf 82' lang='lat' dir='ltr'>operoseque</span> 
     </span>
     <span class='ocr_line' id='line_1_34' title="bbox 456 3048 2650 3117; baseline 0.001 -20"><span class='ocrx_word' id='word_1_344' title='bbox 456 3048 525 3097; x_wconf 86' lang='lat' dir='ltr'>de</span> <span class='ocrx_word' id='word_1_345' title='bbox 546 3052 719 3100; x_wconf 86' lang='lat' dir='ltr'>securi</span> <span class='ocrx_word' id='word_1_346' title='bbox 740 3051 1124 3101; x_wconf 81' lang='lat' dir='ltr'>vindelicorum</span> <span class='ocrx_word' id='word_1_347' title='bbox 1148 3054 1426 3103; x_wconf 76' lang='lat' dir='ltr'>Amazonia</span> <span class='ocrx_word' id='word_1_348' title='bbox 1457 3052 1857 3117; x_wconf 83' lang='lat' dir='ltr'>disquisivisset.</span> <span class='ocrx_word' id='word_1_349' title='bbox 1921 3050 2241 3114; x_wconf 79' lang='lat' dir='ltr'>Suffragatur</span> <span class='ocrx_word' id='word_1_350' title='bbox 2261 3052 2338 3101; x_wconf 89' lang='lat' dir='ltr'>his</span> <span class='ocrx_word' id='word_1_351' title='bbox 2361 3051 2650 3115; x_wconf 74' lang='lat' dir='ltr'>Gesnerus,</span> 
     </span>
     <span class='ocr_line' id='line_1_35' title="bbox 454 3128 2648 3194; baseline 0 -16"><span class='ocrx_word' id='word_1_352' title='bbox 454 3128 678 3178; x_wconf 83' lang='lat' dir='ltr'>morderi</span> <span class='ocrx_word' id='word_1_353' title='bbox 715 3137 899 3192; x_wconf 83' lang='lat' dir='ltr'>putans</span> <span class='ocrx_word' id='word_1_354' title='bbox 935 3130 1154 3180; x_wconf 90' lang='lat' dir='ltr'>Domitii</span> <span class='ocrx_word' id='word_1_355' title='bbox 1194 3132 1355 3180; x_wconf 85' lang='lat' dir='ltr'>Marsi</span> <span class='ocrx_word' id='word_1_356' title='bbox 1379 3131 1598 3194; x_wconf 70' lang='lat' dir='ltr'>Poema,</span> <span class='ocrx_word' id='word_1_357' title='bbox 1631 3130 1965 3193; x_wconf 78' lang='lat' dir='ltr'>Amazonida,</span> <span class='ocrx_word' id='word_1_358' title='bbox 1988 3130 2124 3194; x_wconf 86' lang='lat' dir='ltr'>quod</span> <span class='ocrx_word' id='word_1_359' title='bbox 2144 3137 2395 3179; x_wconf 83' lang='lat' dir='ltr'>memorat</span> <span class='ocrx_word' id='word_1_360' title='bbox 2413 3130 2648 3179; x_wconf 79' lang='lat' dir='ltr'>Martial-</span> 
     </span>
     <span class='ocr_line' id='line_1_36' title="bbox 456 3208 2642 3274; baseline 0.001 -19"><span class='ocrx_word' id='word_1_361' title='bbox 456 3219 538 3257; x_wconf 67' lang='grc' dir='ltr'>ιν.</span> <span class='ocrx_word' id='word_1_362' title='bbox 562 3212 646 3258; x_wconf 77' lang='lat'>29.</span> <span class='ocrx_word' id='word_1_363' title='bbox 711 3209 815 3259; x_wconf 82' lang='lat' dir='ltr'>Sed</span> <span class='ocrx_word' id='word_1_364' title='bbox 849 3224 963 3258; x_wconf 90' lang='lat' dir='ltr'>cum</span> <span class='ocrx_word' id='word_1_365' title='bbox 996 3209 1202 3259; x_wconf 86' lang='lat' dir='ltr'>facilius</span> <span class='ocrx_word' id='word_1_366' title='bbox 1241 3218 1324 3260; x_wconf 86' lang='lat' dir='ltr'>est</span> <span class='ocrx_word' id='word_1_367' title='bbox 1360 3211 1530 3274; x_wconf 87' lang='lat' dir='ltr'>eloqui</span> <span class='ocrx_word' id='word_1_368' title='bbox 1552 3219 1606 3260; x_wconf 89' lang='lat' dir='ltr'>et</span> <span class='ocrx_word' id='word_1_369' title='bbox 1637 3224 1922 3274; x_wconf 87' lang='lat' dir='ltr'>proponere</span> <span class='ocrx_word' id='word_1_370' title='bbox 1961 3209 2092 3259; x_wconf 88' lang='lat' dir='ltr'>tales</span> <span class='ocrx_word' id='word_1_371' title='bbox 2125 3208 2642 3273; x_wconf 52' lang='lat' dir='ltr'>conjecturasrqnam</span> 
     </span>
     <span class='ocr_line' id='line_1_37' title="bbox 454 3289 2644 3354; baseline 0 -17"><span class='ocrx_word' id='word_1_372' title='bbox 454 3301 630 3338; x_wconf 88' lang='lat' dir='ltr'>earum</span> <span class='ocrx_word' id='word_1_373' title='bbox 671 3291 942 3339; x_wconf 76' lang='lat' dir='ltr'>veritatem</span> <span class='ocrx_word' id='word_1_374' title='bbox 967 3290 1279 3349; x_wconf 85' lang='lat' dir='ltr'>ostendere;</span> <span class='ocrx_word' id='word_1_375' title='bbox 1316 3298 1423 3339; x_wconf 87' lang='lat' dir='ltr'>tum</span> <span class='ocrx_word' id='word_1_376' title='bbox 1446 3291 1530 3340; x_wconf 83' lang='lat' dir='ltr'>vel</span> <span class='ocrx_word' id='word_1_377' title='bbox 1551 3291 1627 3340; x_wconf 90' lang='lat' dir='ltr'>sic</span> <span class='ocrx_word' id='word_1_378' title='bbox 1648 3290 1860 3340; x_wconf 83' lang='lat' dir='ltr'>Horatii</span> <span class='ocrx_word' id='word_1_379' title='bbox 1883 3290 2161 3354; x_wconf 85' lang='lat' dir='ltr'>horumque</span> <span class='ocrx_word' id='word_1_380' title='bbox 2190 3303 2427 3338; x_wconf 82' lang='lat' dir='ltr'>versuum</span> <span class='ocrx_word' id='word_1_381' title='bbox 2461 3289 2644 3338; x_wconf 81' lang='lat' dir='ltr'>honori</span> 
     </span>
     <span class='ocr_line' id='line_1_38' title="bbox 452 3367 2641 3434; baseline -0 -14"><span class='ocrx_word' id='word_1_382' title='bbox 452 3371 585 3420; x_wconf 78' lang='lat' dir='ltr'>male</span> <span class='ocrx_word' id='word_1_383' title='bbox 606 3370 908 3422; x_wconf 88' lang='lat' dir='ltr'>consulitur.</span> <span class='ocrx_word' id='word_1_384' title='bbox 976 3367 1108 3419; x_wconf 85' lang='lat' dir='ltr'>Nam</span> <span class='ocrx_word' id='word_1_385' title='bbox 1132 3370 1461 3434; x_wconf 87' lang='lat' dir='ltr'>cogitandum</span> <span class='ocrx_word' id='word_1_386' title='bbox 1484 3371 1718 3434; x_wconf 85' lang='lat' dir='ltr'>erit,quo</span> <span class='ocrx_word' id='word_1_387' title='bbox 1744 3371 1795 3420; x_wconf 92' lang='lat' dir='ltr'>in</span> <span class='ocrx_word' id='word_1_388' title='bbox 1820 3370 1934 3419; x_wconf 89' lang='lat' dir='ltr'>loco</span> <span class='ocrx_word' id='word_1_389' title='bbox 1957 3377 2011 3419; x_wconf 91' lang='lat' dir='ltr'>et</span> <span class='ocrx_word' id='word_1_390' title='bbox 2030 3376 2171 3419; x_wconf 88' lang='lat' dir='ltr'>statu</span> <span class='ocrx_word' id='word_1_391' title='bbox 2187 3369 2373 3418; x_wconf 89' lang='lat' dir='ltr'>mentis</span> <span class='ocrx_word' id='word_1_392' title='bbox 2394 3368 2463 3418; x_wconf 86' lang='lat' dir='ltr'>sit</span> <span class='ocrx_word' id='word_1_393' title='bbox 2484 3377 2641 3434; x_wconf 78' lang='lat' dir='ltr'>atque</span> 
     </span>
     <span class='ocr_line' id='line_1_39' title="bbox 453 3447 2640 3514; baseline 0 -15"><span class='ocrx_word' id='word_1_394' title='bbox 453 3462 569 3499; x_wconf 83' lang='lat' dir='ltr'>esse</span> <span class='ocrx_word' id='word_1_395' title='bbox 591 3450 783 3500; x_wconf 91' lang='lat' dir='ltr'>debeat</span> <span class='ocrx_word' id='word_1_396' title='bbox 803 3451 866 3513; x_wconf 86' lang='lat' dir='ltr'>is,</span> <span class='ocrx_word' id='word_1_397' title='bbox 888 3451 975 3514; x_wconf 84' lang='lat' dir='ltr'>qui</span> <span class='ocrx_word' id='word_1_398' title='bbox 998 3449 1063 3499; x_wconf 87' lang='lat' dir='ltr'>ad</span> <span class='ocrx_word' id='word_1_399' title='bbox 1085 3449 1366 3514; x_wconf 84' lang='lat' dir='ltr'>jocandum</span> <span class='ocrx_word' id='word_1_400' title='bbox 1394 3457 1552 3512; x_wconf 84' lang='lat' dir='ltr'>atque</span> <span class='ocrx_word' id='word_1_401' title='bbox 1572 3449 1889 3498; x_wconf 85' lang='lat' dir='ltr'>irridendum</span> <span class='ocrx_word' id='word_1_402' title='bbox 1912 3447 2126 3499; x_wconf 85' lang='lat' dir='ltr'>feratur.</span> <span class='ocrx_word' id='word_1_403' title='bbox 2193 3450 2322 3502; x_wconf 82' lang='lat' dir='ltr'>Quis</span> <span class='ocrx_word' id='word_1_404' title='bbox 2344 3464 2450 3498; x_wconf 88' lang='lat' dir='ltr'>non</span> <span class='ocrx_word' id='word_1_405' title='bbox 2479 3449 2640 3513; x_wconf 84' lang='lat' dir='ltr'>videt,</span> 
     </span>
    </p>
   </div>
   <div class='ocr_carea' id='block_1_3' title="bbox 452 3528 2728 3593">
    <p class='ocr_par' dir='ltr' id='par_1_4' title="bbox 452 3528 2728 3593">
     <span class='ocr_line' id='line_1_40' title="bbox 452 3528 2728 3593; baseline 0.001 -15"><span class='ocrx_word' id='word_1_406' title='bbox 452 3529 518 3578; x_wconf 87' lang='lat' dir='ltr'>ad</span> <span class='ocrx_word' id='word_1_407' title='bbox 538 3528 804 3578; x_wconf 82' lang='lat' dir='ltr'>ridendum</span> <span class='ocrx_word' id='word_1_408' title='bbox 829 3544 961 3593; x_wconf 88' lang='lat' dir='ltr'>opus</span> <span class='ocrx_word' id='word_1_409' title='bbox 980 3543 1091 3579; x_wconf 90' lang='lat' dir='ltr'>esse</span> <span class='ocrx_word' id='word_1_410' title='bbox 1128 3528 1339 3580; x_wconf 87' lang='lat' dir='ltr'>remissa</span> <span class='ocrx_word' id='word_1_411' title='bbox 1372 3528 1592 3593; x_wconf 83' lang='lat' dir='ltr'>quadam</span> <span class='ocrx_word' id='word_1_412' title='bbox 1628 3529 1781 3577; x_wconf 86' lang='lat' dir='ltr'>animi</span> <span class='ocrx_word' id='word_1_413' title='bbox 1804 3528 2009 3586; x_wconf 87' lang='lat' dir='ltr'>inertia,</span> <span class='ocrx_word' id='word_1_414' title='bbox 2040 3530 2317 3593; x_wconf 85' lang='lat' dir='ltr'>tranquilla</span> <span class='ocrx_word' id='word_1_415' title='bbox 2340 3529 2558 3593; x_wconf 83' lang='lat' dir='ltr'>quadam</span> <span class='ocrx_word' id='word_1_416' title='bbox 2583 3539 2642 3580; x_wconf 86' lang='lat' dir='ltr'>et</span> <span class='ocrx_word' id='word_1_417' title='bbox 2723 3543 2728 3548; x_wconf 81' lang='grc'><em>·</em></span> 
     </span>
    </p>
   </div>
   <div class='ocr_carea' id='block_1_4' title="bbox 447 3607 2646 4230">
    <p class='ocr_par' dir='ltr' id='par_1_5' title="bbox 449 3607 2646 4067">
     <span class='ocr_line' id='line_1_41' title="bbox 450 3607 2646 3674; baseline 0.002 -20"><span class='ocrx_word' id='word_1_418' title='bbox 450 3608 595 3674; x_wconf 80' lang='lat' dir='ltr'>lenta</span> <span class='ocrx_word' id='word_1_419' title='bbox 615 3607 892 3665; x_wconf 80' lang='lat' dir='ltr'>hilaritate,</span> <span class='ocrx_word' id='word_1_420' title='bbox 914 3609 999 3658; x_wconf 89' lang='lat' dir='ltr'>cui</span> <span class='ocrx_word' id='word_1_421' title='bbox 1021 3610 1189 3659; x_wconf 87' lang='lat' dir='ltr'>nullus</span> <span class='ocrx_word' id='word_1_422' title='bbox 1210 3612 1419 3660; x_wconf 88' lang='lat' dir='ltr'>omniuo</span> <span class='ocrx_word' id='word_1_423' title='bbox 1454 3610 1598 3658; x_wconf 86' lang='lat' dir='ltr'>locus</span> <span class='ocrx_word' id='word_1_424' title='bbox 1634 3622 1748 3658; x_wconf 77' lang='lat' dir='ltr'>esse</span> <span class='ocrx_word' id='word_1_425' title='bbox 1775 3609 1827 3658; x_wconf 91' lang='lat' dir='ltr'>in</span> <span class='ocrx_word' id='word_1_426' title='bbox 1848 3608 2052 3658; x_wconf 88' lang='lat' dir='ltr'>sublimi</span> <span class='ocrx_word' id='word_1_427' title='bbox 2082 3610 2426 3659; x_wconf 85' lang='lat' dir='ltr'>enthusiasmo</span> <span class='ocrx_word' id='word_1_428' title='bbox 2449 3610 2646 3673; x_wconf 80' lang='lat' dir='ltr'>possit?</span> 
     </span>
     <span class='ocr_line' id='line_1_42' title="bbox 452 3683 2636 3753; baseline 0.001 -17"><span class='ocrx_word' id='word_1_429' title='bbox 452 3683 630 3736; x_wconf 80' lang='lat' dir='ltr'>Quare</span> <span class='ocrx_word' id='word_1_430' title='bbox 663 3687 777 3750; x_wconf 85' lang='lat' dir='ltr'>quis</span> <span class='ocrx_word' id='word_1_431' title='bbox 812 3695 919 3736; x_wconf 89' lang='lat' dir='ltr'>tam</span> <span class='ocrx_word' id='word_1_432' title='bbox 954 3689 1164 3751; x_wconf 87' lang='lat' dir='ltr'>ignarus</span> <span class='ocrx_word' id='word_1_433' title='bbox 1196 3689 1266 3738; x_wconf 88' lang='lat' dir='ltr'>sit</span> <span class='ocrx_word' id='word_1_434' title='bbox 1297 3703 1397 3737; x_wconf 91' lang='lat' dir='ltr'>non</span> <span class='ocrx_word' id='word_1_435' title='bbox 1436 3690 1601 3740; x_wconf 68' lang='lat' dir='ltr'>solnm</span> <span class='ocrx_word' id='word_1_436' title='bbox 1638 3690 1853 3753; x_wconf 90' lang='lat' dir='ltr'>spiritus</span> <span class='ocrx_word' id='word_1_437' title='bbox 1890 3689 2105 3753; x_wconf 65' lang='lat' dir='ltr'>poetici,</span> <span class='ocrx_word' id='word_1_438' title='bbox 2134 3690 2223 3739; x_wconf 88' lang='lat' dir='ltr'>sed</span> <span class='ocrx_word' id='word_1_439' title='bbox 2256 3691 2410 3739; x_wconf 84' lang='lat' dir='ltr'>etiam</span> <span class='ocrx_word' id='word_1_440' title='bbox 2432 3697 2636 3740; x_wconf 74' lang='lat' dir='ltr'>natum</span> 
     </span>
     <span class='ocr_line' id='line_1_43' title="bbox 451 3764 2639 3833; baseline 0.003 -21"><span class='ocrx_word' id='word_1_441' title='bbox 451 3764 636 3813; x_wconf 86' lang='lat' dir='ltr'>mentis</span> <span class='ocrx_word' id='word_1_442' title='bbox 657 3765 909 3828; x_wconf 77' lang='lat' dir='ltr'>humanae,</span> <span class='ocrx_word' id='word_1_443' title='bbox 930 3766 1019 3831; x_wconf 87' lang='lat' dir='ltr'>qui</span> <span class='ocrx_word' id='word_1_444' title='bbox 1042 3768 1256 3817; x_wconf 89' lang='lat' dir='ltr'>credere</span> <span class='ocrx_word' id='word_1_445' title='bbox 1281 3769 1546 3833; x_wconf 88' lang='lat' dir='ltr'>possit,sic</span> <span class='ocrx_word' id='word_1_446' title='bbox 1560 3768 1732 3818; x_wconf 88' lang='lat' dir='ltr'>subito</span> <span class='ocrx_word' id='word_1_447' title='bbox 1751 3769 2013 3832; x_wconf 84' lang='lat' dir='ltr'>ingenium</span> <span class='ocrx_word' id='word_1_448' title='bbox 2030 3769 2236 3818; x_wconf 84' lang='lat' dir='ltr'>Horatii</span> <span class='ocrx_word' id='word_1_449' title='bbox 2254 3769 2321 3818; x_wconf 88' lang='lat' dir='ltr'>ab</span> <span class='ocrx_word' id='word_1_450' title='bbox 2342 3777 2445 3819; x_wconf 87' lang='lat' dir='ltr'>tam</span> <span class='ocrx_word' id='word_1_451' title='bbox 2463 3771 2639 3819; x_wconf 79' lang='lat' dir='ltr'>excel-</span> 
     </span>
     <span class='ocr_line' id='line_1_44' title="bbox 450 3842 2634 3913; baseline 0.004 -23"><span class='ocrx_word' id='word_1_452' title='bbox 450 3842 523 3891; x_wconf 86' lang='lat' dir='ltr'>sis</span> <span class='ocrx_word' id='word_1_453' title='bbox 546 3849 597 3890; x_wconf 89' lang='lat' dir='ltr'>et</span> <span class='ocrx_word' id='word_1_454' title='bbox 623 3845 906 3908; x_wconf 87' lang='lat' dir='ltr'>magnificis</span> <span class='ocrx_word' id='word_1_455' title='bbox 925 3847 1157 3896; x_wconf 85' lang='lat' dir='ltr'>sensibus</span> <span class='ocrx_word' id='word_1_456' title='bbox 1181 3848 1243 3897; x_wconf 87' lang='lat' dir='ltr'>ad</span> <span class='ocrx_word' id='word_1_457' title='bbox 1258 3849 1405 3911; x_wconf 86' lang='lat' dir='ltr'>jocos</span> <span class='ocrx_word' id='word_1_458' title='bbox 1427 3849 1668 3898; x_wconf 87' lang='lat' dir='ltr'>satiricos</span> <span class='ocrx_word' id='word_1_459' title='bbox 1691 3848 1882 3910; x_wconf 81' lang='lat' dir='ltr'>delabi,</span> <span class='ocrx_word' id='word_1_460' title='bbox 1899 3848 1971 3898; x_wconf 83' lang='lat' dir='ltr'>sic</span> <span class='ocrx_word' id='word_1_461' title='bbox 1986 3848 2157 3898; x_wconf 90' lang='lat' dir='ltr'>subito</span> <span class='ocrx_word' id='word_1_462' title='bbox 2173 3848 2288 3913; x_wconf 87' lang='lat' dir='ltr'>ejus</span> <span class='ocrx_word' id='word_1_463' title='bbox 2306 3850 2634 3899; x_wconf 84' lang='lat' dir='ltr'>enthusiasmi</span> 
     </span>
     <span class='ocr_line' id='line_1_45' title="bbox 449 3922 2633 3993; baseline 0.005 -24"><span class='ocrx_word' id='word_1_464' title='bbox 449 3922 701 3983; x_wconf 88' lang='lat' dir='ltr'>impetum</span> <span class='ocrx_word' id='word_1_465' title='bbox 742 3924 852 3973; x_wconf 79' lang='lat' dir='ltr'>sisti</span> <span class='ocrx_word' id='word_1_466' title='bbox 887 3932 942 3973; x_wconf 91' lang='lat' dir='ltr'>et</span> <span class='ocrx_word' id='word_1_467' title='bbox 978 3924 1229 3981; x_wconf 88' lang='lat' dir='ltr'>cohiberi,</span> <span class='ocrx_word' id='word_1_468' title='bbox 1266 3926 1585 3989; x_wconf 84' lang='lat' dir='ltr'>phantasiam</span> <span class='ocrx_word' id='word_1_469' title='bbox 1629 3927 1896 3979; x_wconf 83' lang='lat' dir='ltr'>ardentem</span> <span class='ocrx_word' id='word_1_470' title='bbox 1931 3928 2145 3993; x_wconf 86' lang='lat' dir='ltr'>glaciari</span> <span class='ocrx_word' id='word_1_471' title='bbox 2178 3929 2323 3992; x_wconf 87' lang='lat' dir='ltr'>quasi</span> <span class='ocrx_word' id='word_1_472' title='bbox 2355 3937 2408 3978; x_wconf 88' lang='lat' dir='ltr'>et</span> <span class='ocrx_word' id='word_1_473' title='bbox 2440 3928 2633 3993; x_wconf 77' lang='lat' dir='ltr'>frigore</span> 
     </span>
     <span class='ocr_line' id='line_1_46' title="bbox 451 4002 949 4067; baseline 0.004 -15"><span class='ocrx_word' id='word_1_474' title='bbox 451 4002 666 4067; x_wconf 77' lang='lat' dir='ltr'>astringi</span> <span class='ocrx_word' id='word_1_475' title='bbox 687 4005 914 4067; x_wconf 85' lang='lat' dir='ltr'>potuisse</span> <span class='ocrx_word' id='word_1_476' title='bbox 930 4007 949 4054; x_wconf 71' lang='grc' dir='ltr'><strong><em>ἑ</em></strong></span> 
     </span>
    </p>

    <p class='ocr_par' dir='ltr' id='par_1_6' title="bbox 447 4082 2630 4230">
     <span class='ocr_line' id='line_1_47' title="bbox 513 4082 2630 4155; baseline 0.003 -23"><span class='ocrx_word' id='word_1_477' title='bbox 513 4082 723 4133; x_wconf 87' lang='lat' dir='ltr'>Deinde</span> <span class='ocrx_word' id='word_1_478' title='bbox 746 4099 895 4148; x_wconf 83' lang='lat' dir='ltr'>quam</span> <span class='ocrx_word' id='word_1_479' title='bbox 918 4086 1209 4149; x_wconf 83' lang='lat' dir='ltr'>importune</span> <span class='ocrx_word' id='word_1_480' title='bbox 1230 4085 1306 4134; x_wconf 87' lang='lat' dir='ltr'>his</span> <span class='ocrx_word' id='word_1_481' title='bbox 1330 4086 1561 4136; x_wconf 76' lang='lat' dir='ltr'>versibus</span> <span class='ocrx_word' id='word_1_482' title='bbox 1585 4086 1906 4150; x_wconf 86' lang='lat' dir='ltr'>interpositis</span> <span class='ocrx_word' id='word_1_483' title='bbox 1938 4087 2341 4155; x_wconf 84' lang='lat' dir='ltr'>interrumpatur</span> <span class='ocrx_word' id='word_1_484' title='bbox 2375 4090 2487 4154; x_wconf 84' lang='lat' dir='ltr'>ipsa</span> <span class='ocrx_word' id='word_1_485' title='bbox 2515 4103 2630 4139; x_wconf 84' lang='lat' dir='ltr'>sen·</span> 
     </span>
     <span class='ocr_line' id='line_1_48' title="bbox 447 4164 2196 4230; baseline 0.005 -19"><span class='ocrx_word' id='word_1_486' title='bbox 447 4176 593 4212; x_wconf 86' lang='lat' dir='ltr'>suam</span> <span class='ocrx_word' id='word_1_487' title='bbox 616 4164 886 4228; x_wconf 76' lang='lat' dir='ltr'>connexio,</span> <span class='ocrx_word' id='word_1_488' title='bbox 904 4165 1134 4229; x_wconf 80' lang='lat' dir='ltr'>inprimis</span> <span class='ocrx_word' id='word_1_489' title='bbox 1156 4165 1309 4214; x_wconf 88' lang='lat' dir='ltr'>etiam</span> <span class='ocrx_word' id='word_1_490' title='bbox 1335 4172 1578 4230; x_wconf 82' lang='lat' dir='ltr'>apparet,</span> <span class='ocrx_word' id='word_1_491' title='bbox 1600 4165 1644 4213; x_wconf 90' lang='lat' dir='ltr'>si</span> <span class='ocrx_word' id='word_1_492' title='bbox 1670 4167 1913 4217; x_wconf 86' lang='lat' dir='ltr'>tollantur</span> <span class='ocrx_word' id='word_1_493' title='bbox 1938 4183 1969 4218; x_wconf 91' lang='lat' dir='ltr'>e</span> <span class='ocrx_word' id='word_1_494' title='bbox 1994 4169 2196 4219; x_wconf 85' lang='lat' dir='ltr'>medio:</span> 
     </span>
    </p>
   </div>
  </div>
 </body>
</html>
