2984 4867
994 405 1093 454 An
1140 406 1550 456 caumatum
1602 407 1747 455 mn.
1792 408 1890 455 ιν.
2391 391 2519 454 641

592 545 788 596 Videre
810 546 1010 596 Rhati-
1033 546 1170 596 bella
1186 545 1283 595 sub
1306 545 1526 610 Alpibus

588 626 823 676 Drusum
845 632 1113 689 gerentem
1133 625 1425 674 Vindelici:
1461 633 1514 674 et
1535 625 1625 674 diu

722 706 954 768 Lateque
975 705 1219 755 victrices
1241 711 1484 765 caterve,

850 784 1090 833 Consiliis
1104 784 1310 848 juvenis
1336 785 1560 840 revicta».

595 865 837 926 Seusere,
858 868 955 913 &c-

338 944 429 994 lta
461 944 576 1008 quis
608 958 705 994 non
729 944 874 993 malit
904 945 1113 1007 legere?
1145 944 1259 1008 quis
1285 944 1547 994 desideret
1572 943 1802 1006 abjectos
1828 945 2038 993 versus?
2070 944 2181 1009 quis
2206 959 2306 994 non
2331 945 2521 995 intelli·

338 1030 446 1087 gat,
467 1037 621 1088 quam
644 1023 892 1087 preclare
908 1023 1019 1085 jam
1042 1036 1142 1071 non
1165 1023 1326 1073 solum
1343 1025 1679 1073 continuetur
1701 1023 2032 1072 enthusiasmi
2051 1033 2106 1073 et
2125 1038 2359 1074 sensuum
2376 1027 2522 1090 quasi

339 1112 565 1165 torrens,
588 1104 680 1152 sed
702 1104 856 1152 etiam
880 1117 1031 1167 quam
1050 1110 1176 1166 apto
1197 1111 1251 1151 et
1276 1103 1421 1167 quasi
1443 1101 1734 1151 necessario
1755 1115 1890 1151 nexu
1913 1102 2206 1153 cohereant
2230 1106 2523 1168 sententio,

338 1197 470 1247 quas
498 1190 730 1233 resectus
764 1183 850 1232 ille
887 1197 1085 1245 paunus
1125 1190 1229 1231 tam
1263 1184 1559 1246 importune
1591 1182 1912 1245 interpellat,
1935 1183 2224 1248 misereque
2251 1183 2523 1235 distrahit?

335 1261 477 1311 Illud
500 1276 703 1327 quoqne
727 1261 844 1312 binc
879 1261 1205 1312 manifestum
1229 1268 1329 1323 est,
1348 1263 1490 1312 salvo
1512 1269 1678 1311 metro
1702 1275 1731 1309 e
1755 1262 1925 1310 medio
1950 1262 2061 1311 tolli
2086 1277 2232 1325 posse
2255 1265 2379 1313 istos
2398 1279 2525 1329 qua·

337 1349 457 1391 tuor
479 1355 678 1399 versus,
701 1343 795 1391 nisi
820 1342 957 1407 quod
980 1343 1057 1392 ita
1079 1348 1263 1392 acutus
1284 1341 1388 1391 fuit
1412 1342 1776 1405 interpolator,
1799 1350 1858 1391 ut
1880 1343 1972 1390 ‘ret
1987 1341 2001 1363 ’
2024 1349 2252 1392 mutaret
2275 1343 2326 1391 in
2354 1351 2368 1372 ‘
2393 1345 2524 1405 sed,'

339 1436 407 1471 ue
429 1423 633 1472 vocales
653 1429 1035 1472 concurrerent.
2414 1441 2423 1452 ·

405 1502 621 1552 Scilicet
642 1501 781 1552 clare
804 1501 961 1551 etiam
986 1501 1161 1566 prodit
1181 1501 1599 1565 interpolatorem
1623 1499 1893 1551 indoctum
1918 1501 2256 1566 ineptumque
2276 1502 2523 1566 studium,

342 1582 422 1631 ita
458 1582 801 1632 connectendi
840 1582 1179 1632 additamenti
1218 1596 1335 1632 curn
1370 1583 1452 1646 iis,
1474 1597 1589 1647 qun
1625 1588 1862 1645 preeunt
1895 1589 1950 1630 et
1977 1596 2093 1646 quae
2126 1591 2428 1647 sequuntur,
2451 1583 2525 1633 ita

338 1661 477 1710 illius
501 1662 583 1710 vel
607 1660 904 1711 inflectendi
928 1663 1009 1711 vel
1035 1661 1385 1725 protrahendi,
1402 1663 1533 1711 utin
1557 1661 1829 1711 sententia
1863 1668 1919 1710 et
1948 1664 2099 1711 metri
2130 1677 2319 1713 nexum
2351 1677 2523 1713 recur-

339 1746 500 1791 reret.
568 1740 807 1792 Pertinet
829 1742 930 1790 buc
953 1742 1185 1805 inprimis
1204 1749 1259 1791 et
1281 1741 1618 1791 intolerabilis
1641 1741 1734 1790 illa
1754 1741 1802 1790 b.
1828 1741 1863 1789 l.
1894 1741 2290 1807 importuneque
2314 1741 2525 1806 inferta,

342 1819 412 1869 ad
434 1820 744 1885 explendam
770 1823 968 1885 rimam,
989 1836 1205 1886 gnome:
1238 1825 1253 1850 ‘
1281 1836 1380 1872 nec
1404 1822 1541 1871 scire
1565 1821 1641 1870 sas
1664 1829 1747 1871 est
1778 1822 1980 1883 omnia,’
2011 1829 2067 1871 et
2089 1824 2239 1885 plane
2262 1823 2446 1871 inscita
2468 1838 2528 1871 ac

341 1900 528 1964 putida
545 1901 800 1950 connexio
821 1915 935 1950 cum
955 1915 1067 1966 sqq.
1091 1915 1186 1964 per
1206 1903 1222 1930 4
1237 1902 1327 1950 sed
1349 1901 1381 1949 :'
1415 1903 1432 1929 ‘
1452 1915 1549 1950 nec
1572 1901 1702 1950 scire
1722 1899 1799 1950 fas
1815 1910 1897 1950 est
1919 1903 2117 1964 omuia3
2148 1903 2231 1950 sed
2261 1902 2362 1950 boc
2382 1908 2527 1950 certo

342 1979 474 2036 scio,
495 1981 594 2030 boc
615 1981 748 2030 scire
769 1982 932 2030 satius
955 1980 1074 2043 est,’
1116 1982 1218 2044 vel,
1241 1988 1298 2031 ut
1321 1981 1438 2030 alii:
1475 1983 1490 2010 ‘
1516 1984 1613 2043 sed,
1635 1988 1691 2030 ut
1717 1981 1839 2030 illuc
1872 1980 2126 2031 revertar'
2159 1983 2260 2042 vel,
2285 1989 2345 2031 ut
2367 1981 2527 2030 Gesn.

343 2061 360 2088 4
389 2062 762 2124 ιιοΙοκηιιοτοτο
786 2062 853 2110 de
875 2062 1045 2124 gentis
1065 2062 1368 2125 originibus,
1387 2064 1470 2110 sed
1503 2061 1706 2111 etiamsi
1737 2076 1838 2111 non
1865 2063 1969 2110 siut
1996 2060 2309 2112 Amazonum
2344 2075 2530 2124 proge-

343 2139 478 2204 nies,
501 2148 645 2190 certe
677 2140 782 2190 late
818 2141 1063 2191 victrices
1085 2150 1311 2192 caterva
1349 2141 1594 2192 fuerunt}
1655 2141 1792 2193 Quid
1829 2141 2082 2198 miserius,
2119 2141 2242 2206 quid
2277 2141 2527 2203 puerilius

344 2232 461 2269 esse
484 2222 578 2269 bac
600 2220 693 2270 tali
718 2218 992 2271 inflexione
1017 2223 1227 2285 potest?

410 2300 640 2351 Accedit
662 2300 824 2364 ipsius
847 2302 1121 2351 sententio
1152 2302 1228 2352 ita
1266 2303 1417 2366 plane
1452 2302 1685 2365 prosaica
1717 2302 2001 2358 conversio,
2022 2301 2093 2350 ita
2114 2300 2317 2350 bumilis
2340 2308 2396 2351 et
2423 2300 2533 2350 infi-

350 2388 470 2431 ceta
501 2379 750 2441 elocutio,
772 2386 832 2428 ut
854 2394 1064 2443 prorsus
1085 2380 1220 2430 infra
1244 2382 1547 2445 dignitatem
1574 2382 1809 2445 lyricam,
1833 2381 2064 2444 inprimis
2086 2380 2238 2445 hujus
2268 2381 2383 2430 talis
2406 2382 2532 2429 Car-

347 2461 501 2510 minis
541 2460 628 2509 sit.
695 2461 863 2511 Quam
904 2461 1127 2524 vulgaris
1160 2470 1216 2510 et
1253 2461 1510 2526 pedestris
1541 2462 1811 2511 conversio
1831 2478 1847 2509 ε
1895 2464 1910 2487 4
1931 2461 2112 2525 quibus
2151 2461 2287 2511 unde
2323 2475 2462 2510 mos.
2483 2495 2496 2510 .
2517 2495 2533 2511 .

349 2553 583 2605 querere
603 2539 836 2589 distulil'
903 2542 1071 2593 Quam
1101 2542 1332 2604 prosaica
1355 2548 1492 2603 sunt,
1525 2542 1540 2567 4
1567 2554 1677 2590 mos
1710 2539 1846 2589 uude
1867 2539 2139 2597 deductus,
2163 2555 2260 2590 nec
2292 2542 2422 2590 scire
2452 2539 2529 2588 fas

350 2629 433 2671 est
454 2620 682 2670 omnial'
736 2621 903 2672 Quam
927 2621 1220 2684 languidum
1242 2629 1297 2669 et
1317 2619 1559 2684 frigidum
1578 2620 1736 2669 illud:
1771 2622 1788 2649 4
1813 2633 1906 2683 per
1926 2633 2076 2669 omae
2097 2621 2355 2685 tempusl'
2405 2623 2536 2674 Uni-

353 2716 470 2752 cum
508 2700 719 2750 verbum
755 2704 771 2730 4
796 2701 1092 2750 obarmare’
1125 2700 1426 2766 exquisitius
1472 2700 1633 2750 rideri
1673 2707 1868 2764 potest,
1898 2700 1989 2750 sed
2025 2699 2172 2763 illud,
2200 2715 2317 2750 cum
2353 2711 2531 2753 cetera

352 2781 621 2831 indoctum
642 2781 895 2831 bominem
916 2780 1154 2844 prodant,
1172 2795 1295 2830 sane
1313 2794 1414 2829 uon
1436 2781 1710 2843 ingenium,
1728 2779 1820 2829 sed
1844 2779 2129 2828 necessitas
2144 2780 2294 2828 metri
2313 2789 2368 2829 et
2385 2795 2533 2831 casus

355 2860 563 2910 obtulit.

421 2941 656 3005 Denique
681 2938 1000 2990 manifestam
1024 2941 1345 3003 glossematis
1378 2940 1488 2989 sive
1527 2939 1704 2988 scholii
1744 2939 1971 3000 speciem
2005 2940 2055 2988 hi
2093 2955 2193 2988 vss.
2233 2940 2446 3002 babent,
2477 2950 2534 2991 et

357 3019 534 3082 facile,
557 3019 695 3069 nude
719 3030 886 3069 ortum
918 3019 987 3068 sit
1022 3029 1126 3068 tam
1157 3020 1394 3068 miserum
1416 3018 1842 3081 additamentum,
1861 3018 2078 3082 intelligi
2103 3026 2292 3083 potest.
2360 3021 2534 3071 Anno-

356 3105 494 3149 tarat
514 3100 898 3151 Grammaticus
933 3100 986 3148 in
1018 3100 1257 3162 exemplo
1287 3113 1379 3147 suo
1414 3098 1479 3147 ad
1515 3112 1588 3148 vs.
1623 3102 1703 3148 18.
1735 3098 1907 3147 securi
1938 3112 2057 3147 usos
2088 3097 2246 3148 fuisse
2280 3099 2332 3148 in
2364 3115 2537 3165 pugna

358 3179 678 3240 Vindelicos,
699 3192 842 3228 more
864 3186 920 3228 et
941 3168 1178 3241 extemplo
1201 3177 1533 3227 Amazonum.
1600 3176 1702 3225 Alii
1727 3178 1906 3226 mirum
1932 3178 2220 3240 videbatur,
2240 3180 2377 3229 unde
2400 3181 2536 3230 bunc

358 3271 553 3308 morem
576 3259 929 3321 accepissent;
962 3259 1073 3317 sed,
1096 3272 1212 3307 cum
1240 3257 1508 3307 obscuram
1542 3269 1654 3306 esse
1680 3264 1734 3305 et
1755 3257 2057 3321 implicitam
2079 3272 2193 3307 eam
2216 3272 2322 3308 rem
2347 3259 2536 3308 intelli-

361 3343 528 3403 geret,
550 3351 606 3386 se
635 3338 771 3387 nolle
796 3351 928 3386 nunc
961 3336 1025 3386 de
1050 3351 1111 3385 ea
1134 3350 1386 3401 quarere,
1408 3337 1460 3386 in
1489 3336 1719 3399 margine
1743 3335 2055 3386 ascribebat.
2123 3337 2268 3386 Alius
2288 3337 2535 3399 addebat,

359 3417 485 3468 illud
510 3418 630 3467 sciri
654 3431 751 3466 nec
775 3430 926 3480 posse
960 3430 1057 3466 nec
1078 3430 1288 3466 necesse
1312 3431 1441 3466 csse.
1509 3414 1717 3466 Infelici
1754 3431 1875 3465 casu
1901 3424 2032 3479 erat,
2063 3419 2167 3481 qui,
2191 3419 2344 3467 animi
2365 3432 2534 3473 causa.

360 3504 530 3547 metro
553 3497 841 3547 includeret
860 3497 975 3546 baec
1003 3497 1215 3559 scholia,
1235 3504 1389 3562 atque
1419 3499 1494 3546 ita
1528 3496 1855 3559 extenderet,
1877 3504 1934 3545 ut
1958 3503 2178 3560 quatuor
2202 3511 2376 3546 versus
2397 3513 2539 3547 com·

365 3576 654 3641 plerentur,
674 3577 803 3626 etin
826 3590 1014 3626 nexum
1036 3592 1152 3626 cum
1172 3577 1504 3642 sequentibus
1530 3575 1723 3625 rediret
1756 3575 2095 3638 parenthesis.
2162 3578 2328 3629 Quam
2353 3578 2407 3626 in
2431 3593 2537 3628 rem

362 3672 478 3708 cum
502 3657 603 3707 buc
626 3656 863 3706 trahebat
899 3670 1146 3720 guomenz
1179 3657 1195 3684 4
1217 3670 1313 3706 nec
1347 3657 1480 3705 scire
1522 3654 1598 3704 fas
1631 3660 1713 3703 est
1744 3654 1950 3712 omnia‚'
1985 3661 2091 3703 tum
2125 3656 2301 3705 videns
2324 3657 2536 3722 hiatum,

366 3738 383 3765 4
408 3737 578 3787 omnia
601 3736 695 3800 et,'
714 3733 869 3786 facile
893 3736 942 3785 ln
972 3751 1083 3785 earn
1108 3736 1474 3800 cogitationem
1499 3734 1759 3797 veniebat,
1780 3741 1838 3784 ut
1869 3735 1886 3762 ‘
1906 3741 1961 3783 et
1977 3734 1992 3756 ’
2029 3742 2253 3786 mutaret
2285 3736 2338 3785 in
2373 3739 2389 3765 ‘
2411 3738 2539 3788 sed!

366 3814 636 3879 Deinceps
658 3816 917 3877 librarius,
947 3817 1236 3880 exemplum
1260 3816 1364 3866 tale
1394 3821 1593 3872 nactus,
1617 3814 1715 3878 ipsi
1749 3815 2017 3862 contextui
2044 3814 2304 3864 inserebat
2335 3817 2504 3866 omnia
2524 3831 2540 3864 ε

368 3895 505 3959 quod
531 3910 647 3946 cum
682 3895 956 3945 admodum
993 3903 1192 3945 mature
1223 3894 1417 3945 factum
1455 3909 1569 3944 esse
1601 3902 1858 3959 oporteat,
1894 3894 2012 3944 binc
2043 3909 2233 3956 omnes,
2268 3897 2354 3960 qui
2385 3896 2540 3946 bodie

369 3985 549 4028 extant
573 3984 630 4026 et
651 3977 870 4041 inspecti
889 3983 1027 4040 sunt,
1048 3976 1271 4038 codices,
1291 3976 1378 4025 illo
1402 3983 1693 4025 assumento
1714 3974 1969 4025 laborant.

434 4059 605 4110 Quare
629 4057 862 4107 omnibns
897 4056 993 4112 bis,
1014 4071 1128 4120 quae
1165 4057 1411 4106 hactenus
1450 4056 1576 4119 dixi,
1598 4062 1767 4106 motus
1799 4070 1903 4106 non
1940 4069 2142 4119 possum
2176 4069 2276 4104 non
2311 4055 2401 4104 hos
2435 4065 2541 4105 tam

371 4139 575 4190 inutiles
597 4147 753 4202 atque
776 4138 985 4194 alienos,
1010 4147 1111 4185 tam
1134 4136 1344 4185 miseros
1362 4144 1518 4199 atque
1542 4134 1775 4194 indignos
1793 4135 2013 4184 Horatio
2037 4149 2212 4183 versus
2236 4134 2425 4183 babere
2449 4149 2542 4199 pro

375 4218 670 4282 suppositis,
694 4224 847 4282 atque
871 4216 937 4265 ab
955 4217 1132 4281 inepto
1155 4216 1525 4277 Grammatico,
1544 4214 1743 4264 malove
1767 4213 1953 4277 Poeta,
1976 4220 2169 4264 temere
2190 4214 2391 4263 assutis.
2446 4213 2542 4263 At·

501 4314 674 4378 Daph.
694 4319 741 4363 et
765 4313 880 4362 Ver.
899 4314 1028 4371 Clas,
1423 4310 1602 4360 Horat.
2310 4311 2342 4355 2
2373 4308 2408 4356 S
