2984 4867
533 380 662 448 846

1245 398 1313 456 Q.
1361 393 1675 442 nortun
1730 393 2000 442 nacor

535 540 787 605 Lusum
817 538 869 601 it
895 535 1261 612 Maecenas,
1290 534 1649 600 dormitum
1681 553 1807 615 ego
1824 531 2324 617 virgiliusque:

536 639 849 721 Namque
873 637 1015 720 pila
1037 636 1246 719 lippis
1273 636 1616 699 inimicum
1647 642 1721 698 et
1747 633 1975 697 ludere
2010 633 2255 697 crudis.

539 739 723 803 Hinc
747 757 874 802 nos
903 735 1177 803 Cocceii
1204 735 1442 819 recipit
1465 733 1868 817 plenissima
1893 732 2076 808 villa,

2628 735 2709 799 5⁰

537 840 714 920 Quae
743 856 948 921 super
972 843 1076 902 est
1096 834 1311 900 Caudi
1340 852 1705 917 cauponas.
1794 831 1993 897 Nunc
2023 833 2182 897 mibi
2205 833 2445 916 paucis

535 1087 622 1133 ego
643 1088 752 1122 uero
777 1089 834 1122 ac
872 1073 1049 1134 Virgilt'

1050 1068 1617 1121 „dormitantem-
1650 1065 2711 1128 ampilaetaauoetuoetmlippbarqne

533 1136 707 1187 mdia.
769 1127 2710 1237 Immcmeiioiumpergimuoopioeiuinan,qoeaeiuoerupntaber-

1440 1297 1502 1318 ‘O
1505 1295 1801 1318 θθθθθθθθ

536 1437 661 1482 -51
700 1433 854 1482 Caudi
874 1432 956 1480 vel
982 1433 1161 1482 Condit
1181 1431 1328 1480 Gott.
1363 1430 1416 1478 in
1456 1442 1628 1495 marg,

1657 1429 1890 1477 Florent-
1913 1430 2059 1476 1482.
2102 1425 2320 1476 Mediol.
2342 1428 2488 1474 1488.
2518 1423 2707 1473 Venet:

536 1500 679 1547 1488.
699 1506 755 1547 et
776 1497 991 1546 Locber.
1048 1497 1220 1545 Claudi
1243 1494 1395 1545 Harl.
1418 1497 1468 1543 2.
1492 1497 1540 1543 3.
1561 1498 1613 1543 4.
1630 1496 1679 1542 7.
1712 1491 2198 1541 nonnulliTorrent.
2220 1489 2343 1539 Vct.
2364 1487 2544 1539 Comb.
2567 1497 2617 1536 et
2643 1489 2708 1535 al.

1515 1666 1735 1718 1501·AE

536 1799 724 1863 gantis
765 1797 964 1863 pridem
1007 1796 1124 1847 fuit.
1159 1799 1176 1827 ⁸
1201 1796 1436 1847 Alteram
1481 1797 1582 1846 Ro·

532 1874 696 1926 mam’
720 1883 870 1924 vocat
891 1874 1075 1923 Cicero
1090 1872 1319 1937 Philipp.
1336 1885 1439 1922 ιιι.
1456 1870 1581 1921 alibi

533 1964 658 2000 vero
696 1958 711 1979 ⁸
732 1948 984 2013 superbio
1020 1945 1372 1996 domicilium.’
1436 1945 1580 1995 Han·

533 2025 717 2074 nibalis
760 2023 1004 2072 virtutem
1043 2023 1278 2086 corrupit
1315 2034 1377 2071 ac
1420 2019 1581 2083 fregit

534 2099 623 2148 iila
652 2101 667 2127 ‘
687 2098 890 2162 pelago,
928 2097 1193 2160 cultuque,
1227 2109 1466 2161 penuque
1488 2110 1579 2159 po·

515 2181 649 2224 ‘tens
662 2172 677 2196 '
699 2173 906 2234 civitas,
925 2172 942 2200 ‘
960 2171 1181 2233 deliciis,
1200 2170 1405 2234 opibus,
1420 2169 1580 2219 fama·

533 2264 634 2315 que
650 2250 695 2311 ;’
731 2257 790 2303 ut
810 2249 949 2299 canit
972 2248 1248 2299 Ausonius.
1313 2246 1485 2297 Hodie
1499 2248 1580 2311 ja-

531 2329 619 2374 cet
639 2324 694 2373 in
717 2323 998 2373 ruderibus.
1062 2322 1278 2373 Duobus
1296 2329 1469 2371 autem
1489 2336 1579 2371 ex·

529 2399 650 2448 inde
672 2396 972 2448 milliaribus
998 2411 1171 2446 versus
1195 2397 1417 2446 Boream
1439 2395 1580 2446 exci-

533 2479 644 2522 tata
674 2478 755 2522 est
777 2473 957 2535 Capua
976 2485 1112 2520 nova
1133 2470 1295 2520 veteri
1317 2470 1580 2535 haudqua-

530 2560 679 2611 quam
702 2560 813 2609 par.
875 2547 963 2594 De
984 2559 1048 2594 ea
1060 2545 1173 2605 jam
1195 2545 1246 2593 in
1270 2544 1438 2607 Epod.
1461 2558 1579 2594 xvr.

591 2624 658 2670 48
688 2620 866 2668 Lam
905 2620 949 2667 ir
993 2620 1250 2680 Macestus,
1292 2619 1400 2682 ζα]
1462 2618 1583 2667 Pila

529 2694 808 2758 palmaria;
850 2694 999 2758 cujus
1030 2694 1334 2743 exercitatio
1359 2694 1424 2743 ad
1448 2693 1579 2743 sani·

530 2777 689 2819 tatem
733 2768 869 2818 utilis
897 2768 1106 2818 robusto
1136 2769 1342 2833 quidem
1370 2774 1424 2818 et
1447 2769 1580 2818 bene

529 2842 753 2894 affectet
779 2850 834 2892 at
857 2842 1031 2891 crudis
1046 2843 1200 2892 noxia
1217 2850 1271 2893 et
1284 2839 1580 2903 xmo-nmi-

529 2936 650 2983 χσις,
666 2919 830 2984 qualis
851 2918 1100 2980 Virgilius
1121 2934 1136 2966 τ
1157 2925 1340 2968 contra
1358 2918 1577 2968 salubris

529 3007 732 3042 mmuus
755 3000 811 3041 et
834 2993 1005 3055 quies;
1026 2992 1223 3055 pariter
1241 3000 1297 3042 et
1311 2993 1576 3056 lippienti·

529 3066 645 3127 bus,
666 3067 833 3129 qualis
854 3065 1119 3116 Horatius.
1180 3066 1393 3116 Scilicet
1411 3067 1576 3130 agita-

529 3139 605 3188 tio
625 3138 856 3202 eorporis
879 3139 1151 3188 vehemens
1171 3139 1277 3188 ciet
1299 3141 1576 3205 irritatque

491 3260 499 3271 ,
527 3214 794 3274 humeros3
819 3226 946 3276 quos
962 3213 1102 3263 lente
1125 3212 1376 3264 duntaxat
1396 3216 1578 3278 coquit

528 3291 668 3339 calor
706 3287 976 3338 naturalis.
1043 3287 1196 3338 Adde
1230 3287 1367 3352 quod
1402 3289 1575 3340 oculo·

529 3379 640 3415 rum
662 3364 798 3414 acies
832 3368 934 3412 n'on
968 3377 1149 3426 parum
1189 3362 1386 3412 laborat
1408 3365 1458 3412 iu
1482 3362 1574 3414 ob·

528 3438 780 3489 servanda
821 3437 940 3501 pila.
1017 3437 1225 3487 Cornel.
1266 3438 1402 3488 Cels.
1437 3451 1479 3487 1.
1521 3441 1573 3486 2.

528 3512 757 3562 Galenus
779 3512 845 3561 de
858 3512 1145 3576 symptom.
1168 3512 1321 3562 caus.
1342 3527 1419 3562 tv.
1440 3518 1490 3562 6.

590 3593 656 3639 49
690 3587 822 3650 Pila]
854 3587 1015 3639 Quasi
1048 3588 1167 3650 pilis
1201 3588 1351 3651 plena
1381 3588 1456 3637 sic
1486 3601 1573 3637 vo·

525 3670 693 3725 catur,
712 3678 777 3711 ex
799 3662 1020 3712 Isidoro.
1084 3662 1193 3713 Alii
1209 3677 1242 3713 a
1255 3664 1439 3720 πιλοῦν,
1460 3667 1574 3713 den·

483 3773 491 3783 .
524 3752 646 3800 aare,
684 3736 949 3786 deducunt
993 3736 1257 3800 originem,
1289 3738 1399 3788 sive
1433 3736 1570 3802 quod

526 3811 632 3876 pila
673 3810 987 3873 potissimum
1024 3808 1328 3859 conficiatur·
1365 3824 1396 3860 e
1432 3809 1572 3875 cinq,

522 3886 576 3936 id
598 3892 697 3941 cst,
716 3883 837 3933 lana
857 3890 1040 3934 coacta
1053 3890 1108 3933 et
1125 3890 1408 3947 compacta.
1431 3886 1571 3937 Qua-

525 3960 748 4025 druplex
766 3965 897 4008 erat.
937 3963 985 4008 1.
1006 3958 1342 4022 Har-pastum,
1365 3974 1395 4009 e
1427 3961 1569 4012 corio

522 4035 762 4090 confecta
795 4034 960 4084 minor
993 4034 1117 4098 pila,
1155 4048 1307 4099 quarn
1339 4034 1450 4084 solo
1486 4049 1567 4086 re·

525 4126 818 4177 percussam
853 4109 1197 4160 remittebant.
1232 4113 1280 4159 2.
1304 4110 1481 4175 Follis,
1501 4124 1566 4161 ex

526 4190 702 4248 υἱοῖν,
739 4185 898 4249 major
929 4183 1172 4250 brachiis,
1192 4185 1359 4236 minor
1380 4187 1566 4249 pugnis

1662 1795 2070 1860 intorquebatur.
2138 1797 2191 1843 8.
2238 1786 2548 1856 Trigonalis,
2598 1791 2707 1841 sive

1662 1871 1864 1933 trigona
1897 1882 2083 1919 nomen
2116 1884 2146 1918 a
2172 1867 2471 1929 triangulari
2505 1866 2606 1915 situ
2632 1866 2709 1914 iu·

1662 1942 1892 1995 dentium
1929 1955 2211 2008 ternorum,
2241 1944 2329 2009 qui
2366 1942 2465 1992 sibi
2489 1942 2709 1992 invicem

1660 2020 1737 2070 ita
1780 2021 1933 2083 pilam
1973 2018 2279 2080 reddebant,
2317 2017 2594 2081 diligenter
2625 2031 2711 2065 ea·

1661 2102 1923 2145 ventosne
1955 2094 2226 2144 excideret
2260 2106 2413 2142 manu
2447 2093 2552 2141 sive
2587 2091 2709 2140 dex·

1664 2177 1763 2233 tra,
1787 2170 2130 2233 sivetslnistra.
2163 2173 2212 2219 4.
2236 2169 2501 2231 Paganica
2518 2183 2548 2217 a
2573 2183 2708 2232 pago

1661 2253 1718 2296 et
1744 2247 1958 2311 paganis
1979 2246 2152 2296 dicta:
2185 2244 2252 2294 ab
2273 2244 2350 2293 bis
2373 2243 2509 2292 euim
2533 2243 2598 2291 ad
2624 2258 2709 2291 ur·

1658 2322 1771 2371 bem
1796 2321 1956 2370 venit.
2023 2320 2218 2369 Plumia
2241 2317 2432 2367 infarta
2449 2326 2593 2378 erat;
2617 2316 2712 2366 du·

1661 2395 1765 2444 rior
1781 2392 1924 2456 folle,
1944 2394 2144 2444 mollior
2167 2393 2384 2457 trigone.
2450 2392 2580 2443 Quae
2604 2406 2712 2441 om·

1659 2471 1746 2519 nia
1770 2469 1902 2518 belle
1925 2476 2073 2517 notat
2091 2477 2147 2516 et
2168 2467 2414 2530 exprimit
2437 2465 2712 2527 Martialis,

1660 2557 1736 2593 ιν.
1757 2547 1836 2593 19.
1860 2555 1963 2592 xri.
1984 2547 2065 2593 84.
2091 2555 2211 2593 xrv.
2228 2547 2309 2592 46.
2325 2545 2407 2592 48.
2428 2544 2511 2592 47.
2575 2541 2711 2590 Vide

1659 2616 1797 2666 iufra
1819 2631 1882 2667 ιι.
1901 2619 2013 2665 Sat.
2024 2620 2073 2666 2.
2095 2620 2175 2666 11.
2199 2616 2322 2666 Not.

1722 2697 1788 2741 5⁰
1817 2693 1953 2741 Hinc
1970 2706 2055 2740 ιιοσ
2073 2692 2273 2753 Οοοοείἰ,
2292 2690 2401 2755 ζα]
2432 2689 2565 2739 Inde
2589 2704 2709 2753 prn-

1659 2768 1903 2816 cessimus
1924 2766 1989 2814 ad
2014 2765 2186 2815 villam
2204 2765 2413 2815 Cocceii
2431 2764 2581 2814 rebus
2603 2778 2709 2813 om·

1657 2842 1804 2892 nibus
1823 2840 2184 2891 abundantem.
2217 2840 2349 2890 Haec
2372 2839 2473 2890 sita
2496 2847 2576 2888 est
2595 2842 2612 2867 ⁸
2627 2854 2710 2888 su*

1660 2930 1755 2980 pra
1771 2929 2030 2978 cauponas
2051 2913 2279 2964 Claudii’
2300 2913 2577 2978 cujusdam.
2610 2913 2710 2963 Vel

1656 2993 1834 3054 accipe
1867 2991 2115 3056 oppidum
2150 2990 2406 3055 quoddam
2438 2990 2503 3039 ab
2535 2989 2709 3053 Appio

1657 3064 1872 3116 Claudio
1889 3065 2171 3115 conditum.
2237 3064 2425 3114 Placet
2442 3072 2613 3114 tamen
2637 3065 2710 3113 le-

1656 3154 1778 3205 gere
1820 3140 1990 3203 potius
2032 3153 2149 3190 cum
2192 3140 2325 3200 aliis,
2371 3139 2557 3189 Caudi.-
2590 3151 2707 3188 nam

1653 3216 1789 3264 inter
1826 3217 2055 3278 Capuam
2088 3221 2146 3264 et
2186 3214 2540 3264 Beneventum
2586 3222 2710 3263 suut

1654 3287 1904 3336 Caudium
1920 3288 2163 3352 oppidum
2170 3288 2348 3353 ,hodie
2362 3289 2563 3351 Amaia,
2580 3288 2705 3337 item

1655 3362 1825 3411 Valles
1846 3370 1903 3412 et
1922 3362 2107 3413 Furcoe
2131 3362 2411 3423 Caudinaeg
2445 3364 2496 3412 in
2521 3362 2707 3425 quibua

1653 3435 1930 3499 intercepti
1955 3437 2228 3502 aliquando
2255 3437 2472 3486 Romani
2493 3437 2592 3486 sub
2616 3438 2707 3500 ju-

1653 3524 1772 3573 gum
1789 3512 2013 3574 turpiter
2026 3512 2163 3560 missi
2181 3522 2328 3560 sunt:
2364 3525 2512 3575 quam
2530 3518 2704 3561 tamen

1651 3586 1978 3649 ignominiam
2002 3588 2154 3649 paulo
2189 3595 2309 3650 post
2343 3587 2487 3651 gravi
2508 3587 2702 3636 ultione

1652 3664 1901 3713 eluerunt.
1933 3664 2044 3713 Ην.
2068 3664 2155 3714 lib.
2171 3676 2253 3713 tx.

1714 3741 1775 3786 81
1813 3737 1955 3787 Nune
1995 3737 2117 3786 reiks·
2147 3738 2328 3802 paneis,
2357 3740 2481 3803 &et-1
2509 3739 2699 3789 Facete

1650 3811 1920 3862 admodum
1953 3811 2115 3861 Poeta
2148 3813 2324 3862 Musas
2347 3812 2398 3861 in
2421 3827 2478 3861 re
2500 3813 2701 3863 ludicra

1647 3886 1872 3946 invocat.
1908 3887 2065 3935 veluti
2093 3887 2225 3937 solet
2245 3886 2359 3938 fieri
2380 3889 2432 3936 in
2455 3888 2699 3951 gravibus

1646 3962 1976 4027 argumentis.
2013 3964 2384 4026 Descripturus
2402 3977 2586 4025 nempe
2604 3963 2697 4012 du·

1647 4053 1792 4087 orum
1812 4052 2099 4088 scurrarum
2124 4039 2388 4089 ridiculam
2409 4039 2697 4089 contentio·

1646 4126 1781 4174 uem,
1821 4114 1955 4163 serio
1998 4113 2202 4163 videtur
2239 4128 2397 4178 grave
2434 4113 2699 4178 quidpiam

1647 4187 1835 4237 adoriri
1854 4204 1870 4249 ς
1893 4202 1994 4252 quo
2017 4188 2261 4252 majorem
2290 4188 2483 4239 excitet
2496 4188 2697 4252 jocum.
