2984 4867
483 366 612 433 784

1197 383 1270 441 Q.
1315 380 1633 429 non-xm
1683 380 1953 430 nacor

485 524 784 589 Nomina
812 528 1136 599 sectatur,
1163 521 1360 587 modo
1386 528 1606 586 sumta
1631 528 1810 587 veste
1837 522 2039 599 virili,

485 625 627 688 Sub
657 625 952 708 patribus
978 624 1186 699 dude,
1217 624 1521 687 tironum.

1610 621 1937 701 Maxime,
1981 626 2131 707 quis
2158 642 2317 707 non,

482 725 773 807 Jupiter,
796 724 1150 802 exclamat,
1178 725 1580 807 simulatque
1612 724 1874 789 audivit
1892 727 1922 787 ‘1
1968 723 2023 799 ῚῘ
2044 725 2142 788 At
2168 726 2346 813 i‘n-se

482 939 1491 1003 quiveritmtogmnnnperinauenntnb

1520 938 1736 1002 petr-‘bus
1754 940 1891 988 valde

1920 939 2095 1000 pes-cis.
2153 938 2276 994 Qun
2293 943 2451 987 me-
2469 907 2664 987 daim

484 1004 622 1067 enfin,
641 1020 734 1053 non
754 1005 919 1054 statim
939 1006 1203 1054 achmete
1240 1005 1372 1053 Proh
1404 1017 1580 1052 snm
1612 1001 1836 1065 Jupiter!
1869 1002 2059 1063 Verum,
2081 1002 2284 1064 inquies,
2307 1002 2387 1051 ille
2417 1003 2664 1064 pra-claros

486 1270 739 1326 Lambini.
773 1284 901 1319 uuas
938 1271 1062 1320 item
1096 1271 1358 1321 Torrentii

1689 1157 1751 1177 00

1385 1271 1768 1334 prodiciam—18
1802 1268 1952 1319 Harl.
1975 1272 2023 1317 1.
2045 1272 2093 1317 2.
2124 1270 2249 1319 Vet.
2273 1267 2455 1318 Comb.
2477 1268 2664 1316 Vener.

486 1348 570 1396 ap.
595 1334 755 1383 Zeun.
779 1333 1019 1384 Glarean.
1034 1341 1089 1382 et
1103 1333 1324 1384 Cbabot.
1345 1337 1572 1384 exclamet
1584 1350 1605 1391 ,-
1636 1348 1728 1383 sex
1746 1333 2019 1396 Torrentii,
2038 1334 2201 1382 ceteri
2222 1333 2363 1383 Harl.
2387 1332 2454 1382 al.
2471 1339 2527 1381 et
2542 1330 2666 1380 edd.

487 1405 711 1447 recentt.
739 1399 984 1448 munet.
1050 1398 1180 1447 Mox
1201 1398 1429 1448 nonnulli
1451 1398 1603 1447 codd.
1625 1405 1679 1446 et
1700 1396 1818 1446 edd.
1843 1397 2004 1460 antiq.
2027 1411 2141 1446 cum
2162 1397 2350 1446 Venet.
2383 1410 2468 1459 ap.
2502 1395 2665 1444 Gesu.

1474 1573 1688 1624 NOTAE

556 1708 618 1752 16
667 1704 877 1753 Nomina
907 1709 1116 1754 sectatu
1161 1704 1380 1760 tironem,
1422 1702 1533 1767 ξω]

484 1778 675 1827 Studet
708 1776 948 1827 foeuerari
980 1778 1414 1841 adolescentibus,
1444 1779 1534 1842 qui

486 1854 676 1902 nullam
694 1868 725 1903 a
740 1854 881 1902 duris
902 1854 1132 1916 patribus
1154 1853 1423 1917 pecuniam
1444 1860 1535 1902 aut

487 1928 638 1976 valde
662 1928 901 1991 exiguam
932 1929 1268 1990 accipientes,
1291 1943 1532 1991 quacum-

459 2015 586 2066 ,que
624 2000 723 2062 via,
744 2002 920 2065 quovis
953 2000 1149 2052 foeuore
1190 2002 1537 2066 quaeritabant

488 2092 549 2127 ac
570 2076 862 2138 sumebant,
884 2091 986 2140 qua
1014 2091 1121 2125 suae
1159 2076 1360 2127 libidini
1384 2077 1534 2126 satis·

486 2149 725 2201 facerent
766 2164 832 2199 ea
867 2157 1023 2200 mate
1053 2149 1295 2201 ferventi.
1360 2151 1536 2215 Atque

484 2224 539 2273 id
562 2224 768 2289 quidem
788 2226 956 2275 scelus
985 2226 1072 2275 diu
1105 2233 1392 2288 grassatum
1433 2235 1534 2277 est.

487 2302 560 2351 At
597 2310 779 2365 postea
820 2317 886 2353 ex
933 2305 1295 2354 Senatuscons.
1330 2305 1536 2353 ademta

486 2386 568 2427 est
590 2378 726 2428 actio
750 2385 806 2428 et
828 2379 1014 2440 petitio
1047 2379 1107 2427 iis
1141 2379 1230 2443 qui
1266 2377 1532 2428 filiisfami·

486 2452 581 2501 lias
604 2454 873 2516 pecuniam
889 2452 1229 2502 credidissent
1247 2453 1298 2501 in
1317 2460 1535 2503 mortem

486 2534 731 2592 patrum:
768 2543 832 2578 ue
864 2529 947 2577 vel
998 2528 1200 2578 occasio
1240 2527 1360 2577 binc
1395 2535 1537 2578 esset

484 2603 625 2667 patri
671 2616 851 2653 necem
906 2603 1251 2666 machinandi,
1307 2610 1399 2653 aut
1441 2618 1536 2667 per

484 2679 645 2728 malas
661 2684 800 2727 artes
823 2692 885 2726 ac
916 2684 1092 2740 turpes
1115 2678 1385 2741 pecuniam
1408 2692 1533 2742 quo·

485 2768 588 2817 quo
618 2752 768 2802 modo
801 2751 1116 2802 reddendam
1151 2768 1212 2801 ac
1242 2753 1534 2815 persolven-

485 2831 603 2878 dam
635 2829 956 2893 queritandi.
1022 2828 1241 2878 Senatus
1264 2828 1388 2876 illud
1411 2842 1534 2878 cou-

485 2905 673 2952 sultum
707 2903 1138 2953 Macedonianum
1172 2902 1364 2952 dictum
1403 2912 1481 2954 est
1506 2919 1537 2952 a

486 2978 773 3027 Macedone
795 2977 897 3028 isto
928 2977 1259 3027 foeneratore.
1320 2980 1535 3029 Sueton.

485 3050 703 3112 Vespas-
746 3064 862 3113 cap.
905 3055 981 3101 11.
1040 3052 1278 3101 ‘Auctor
1317 3053 1535 3102 Senatui

486 3124 586 3173 fuit
628 3124 962 3186 decernendi,
996 3140 1061 3174 ne
1093 3126 1533 3178 filiorumfamilias

441 3258 448 3263 ,
484 3197 875 3248 foeneratoribus
930 3199 1169 3262 exigendi
1221 3202 1409 3250 crediti
1443 3204 1533 3267 jus

486 3283 624 3327 esset
650 3289 890 3338 unquam,
922 3274 1017 3324 hoc
1054 3282 1156 3338 est,
1193 3287 1258 3323 ne
1290 3284 1408 3339 post
1444 3291 1534 3341 pa·

489 3358 622 3401 trum
646 3351 853 3416 quidem
874 3351 1127 3401 mortem!

550 3425 781 3488 Noniae]
813 3426 899 3475 Sic
924 3436 1171 3476 vocantur
1194 3433 1295 3476 tam
1334 3428 1535 3477 credita

486 3516 638 3566 quam
671 3501 862 3562 debita,
881 3501 1119 3565 eo.quod
1162 3503 1445 3552 creditores
1480 3504 1533 3551 in

485 3574 875 3622 commentarios
911 3589 1000 3622 seu
1043 3575 1093 3622 iu
1131 3575 1331 3625 tabulas
1375 3576 1532 3626 refer-

486 3657 603 3697 rent
637 3656 694 3697 et
715 3649 1055 3699 inscriberent
1091 3652 1295 3701 nomina
1332 3652 1532 3703 debito·

485 3736 616 3785 rum,
674 3737 764 3771 seu
807 3737 982 3772 eorum
1024 3726 1208 3787 quibus
1260 3727 1532 3788 pecuniam

485 3795 830 3849 crediderant.
894 3797 1032 3847 Hinc
1068 3799 1307 3850 ‘nomina
1328 3798 1532 3850 facere’

487 3871 730 3920 dicuntur
754 3878 858 3920 tam
895 3871 1157 3923 debitores
1190 3889 1344 3937 quam
1369 3875 1531 3924 credi-

487 3955 643 3999 tores.

551 4028 611 4074 17
651 4023 898 4087 wantos]
932 4025 992 4074 Id
1020 4031 1102 4074 est
1133 4024 1532 4078 adolescentum.

484 4099 698 4150 Tirones
731 4100 819 4149 alii
847 4100 1063 4156 militiae.
1098 4100 1184 4150 alii
1204 4099 1421 4151 forensis
1439 4117 1529 4152 ex·

483 4175 801 4225 ercitationis
821 4184 874 4226 et
907 4177 1227 4241 eloquentiae.
1295 4177 1366 4227 Hi
1389 4179 1529 4229 circa

1612 1717 1799 1752 annum
1817 1701 1984 1752 aetatis
2000 1707 2078 1752 1⁷.
2098 1708 2214 1766 post
2234 1702 2554 1766 pubertatem
2570 1702 2666 1749 sci·

1611 1779 1753 1840 iicet,
1777 1785 2082 1840 praetextam
2114 1778 2461 1839 deponebant,
2488 1776 2666 1825 indue·

1613 1854 1739 1903 baut
1777 1867 1900 1903 vero
1941 1863 2114 1917 togam
2166 1853 2437 1917 aliquando
2480 1865 2664 1913 puram

1613 1928 1748 1977 nivei
1773 1927 2028 1989 candoris,
2061 1942 2176 1992 quae
2212 1927 2372 1976 virilis
2405 1927 2547 1975 dicta
2569 1932 2666 1983 est,

1615 2010 1672 2055 ut
1696 2004 1769 2052 ait
1789 2004 1943 2054 Alex.
1974 2003 2040 2052 ab
2074 2002 2223 2053 Alex.
2251 2017 2301 2052 v.
2327 2005 2408 2052 18.
2447 2008 2464 2030 ⁸
2489 1998 2666 2049 candi-

1615 2078 1735 2128 dum
1772 2077 2067 2128 umbonem'
2111 2085 2263 2128 vocat
2293 2077 2440 2129 Pers.
2467 2077 2579 2127 Sat.
2615 2090 2666 2123 v.

1614 2158 1696 2203 88.
1763 2154 1901 2203 Plin.
1947 2167 2073 2203 vm.
2108 2156 2193 2203 48.
2231 2154 2388 2213 ‘toga
2442 2165 2573 2214 pura
2611 2150 2671 2198 ti·

1616 2244 1764 2279 roues
1788 2228 2101 2278 induuntur)
2149 2228 2276 2277 Coel.
2312 2226 2669 2288 Rhodigaiv.

1618 2310 1697 2353 16.
1732 2305 2020 2357 ‘Quoniam
2067 2303 2227 2363 vero,’
2256 2303 2441 2367 inquit,
2475 2304 2490 2328 ‘
2515 2309 2572 2350 ut
2615 2302 2666 2349 in

1616 2380 1793 2443 Magia
1829 2378 2078 2443 Apuleius
2111 2377 2307 2439 scribit,
2334 2374 2668 2425 eruditissimi

1606 2456 1830 2519 juvenes
1876 2452 2037 2503 laudis
2081 2452 2248 2515 gratia
2297 2451 2515 2515 primum
2565 2450 2664 2498 boc

1616 2526 2019 2592 forensis-pern
2045 2526 2385 2576 rudimentum
2402 2524 2668 2583 subibant,

1616 2613 1675 2653 ut
1696 2605 1866 2666 aliquo
1899 2602 2085 2666 insigni
2108 2601 2307 2665 judicio
2339 2600 2539 2649 civibus
2561 2599 2666 2647 suis

1614 2685 1968 2737 noscerentur,
2008 2676 2096 2740 qui
2148 2690 2256 2724 mos
2298 2675 2666 2736 incipientibus

1614 2753 2006 2803 adolescentulis
2039 2752 2105 2800 ad
2139 2751 2496 2800 illustrandum
2520 2749 2669 2811 iuge·

1614 2829 1682 2877 nii
1704 2827 1882 2878 florem
1905 2827 2042 2890 apud
2077 2826 2313 2890 antiquos
2346 2825 2516 2877 fuerat
2545 2838 2668 2874 con-

1613 2918 1831 2965 cessus3
1873 2911 2043 2966 togam
2088 2904 2210 2951 item
2257 2902 2527 2951 candidam
2580 2901 2672 2969 qui

1610 2979 1707 3028 boc
1728 2978 1963 3028 facerent
1976 2978 2169 3029 tirones
2189 2976 2534 3026 induebantur
2552 2978 2666 3039 ipso

1612 3054 1842 3104 tirocinii
1875 3053 1995 3102 die:
2029 3052 2104 3101 sic
2145 3053 2280 3100 enim
2314 3051 2667 3114 appellabant.

1612 3142 1727 3178 cum
1783 3127 2122 3191 eloquentiam
2166 3126 2563 3188 auspicarentur
2615 3127 2664 3173 in

1612 3200 1741 3254 foro.
1808 3204 1935 3252 Eam
1960 3210 2128 3265 togam
2163 3201 2344 3250 Cicero
2378 3215 2558 3262 puram
2581 3215 2669 3249 vo-

1610 3278 1767 3327 cavit.
1832 3276 2025 3326 Scribit
2043 3277 2179 3324 enim
2194 3274 2257 3322 ad
2283 3274 2448 3324 Attic.
2473 3275 2525 3322 in
2544 3275 2670 3324 tiro·

1608 3352 1748 3401 cinio
1771 3350 1860 3400 filii
1886 3350 2149 3399 Ciceronis
2184 3358 2355 3412 togam
2383 3349 2457 3398 illi
2483 3364 2666 3412 purant

1613 3427 1818 3476 dedisse
1848 3425 2067 3489 Arpini.’

1678 3502 1911 3564 lilexi-ue,
1946 3503 2058 3563 qais
2096 3516 2204 3563 m,
2237 3502 2344 3565 qen]
2379 3502 2507 3552 Quis
2544 3515 2666 3551 vero

1611 3595 1711 3630 nou
1756 3580 2047 3630 detestetur
2094 3581 2344 3644 ejusmodi
2384 3580 2665 3632 foenerato-

1611 3659 1732 3708 res?
1797 3659 1926 3710 Quis
1969 3659 2235 3713 avaritiam
2270 3674 2446 3708 eorum
2478 3668 2535 3708 et
2575 3674 2667 3709 ne.-

1612 3733 1826 3797 quitiam
1851 3747 1950 3782 nou
1973 3734 2331 3784 abominetur?
2360 3733 2528 3784 τόκους
2554 3750 2669 3785 usa-

1610 3823 1693 3857 ras
1728 3808 1899 3857 Greci
1923 3810 2203 3873 appellant,
2236 3809 2371 3874 quod
2396 3812 2584 3859 multos
2607 3817 2664 3861 et

1613 3897 1793 3947 graves
1816 3884 2037 3933 debitori
2061 3884 2268 3934 dolores
2288 3886 2508 3948 pariant.
2548 3886 2663 3935 Cic.

1613 3958 1768 4009 Offic.
1815 3972 1877 4008 n.
1923 3974 1973 4010 n.
2015 3964 2096 4008 89.
2149 3960 2166 3987 ⁴
2201 3959 2667 4012 Quidfoenemi?

1611 4034 1741 4083 Tum
1782 4035 1945 4083 Cato:
1982 4033 2120 4086 Quid
2167 4035 2437 4093 bominem,
2478 4036 2667 4102 inquit,

1609 4108 1913 4159 occidere?'
