2984 4867
439 346 571 413 '756
1160 362 1468 411 nAcnnn
1525 362 1918 411 enan-rio

523 506 679 564 Ecce
708 503 812 562 tibi
857 519 1195 581 germanam
1244 501 1419 580 hujus
1462 501 1624 562 vocis
1662 501 2132 580 Etymologiam:
2177 502 2365 561 Latini
2409 510 2429 537 ‘
2451 501 2629 564 Satu-

441 619 568 661 rum
589 600 605 625 ⁹
644 598 1005 676 usurpabant
1047 615 1154 674 pro
1202 602 1222 632 ‘
1243 596 1461 675 pleno,'
1506 598 1600 656 cui
1629 596 1704 655 ad
1734 596 2151 674 perfectionem
2182 596 2325 655 nihil
2354 597 2626 659 deesset:

439 694 581 754 hinc
607 701 625 729 ‘
646 695 819 753 Satur
846 691 1048 763 color,'
1075 711 1207 750 cum
1239 690 1378 751 lana
1402 691 1659 751 colorem
1691 691 1862 769 plene
1885 690 2284 763 combibisset,
2322 712 2432 752 nec
2459 694 2628 771 quic·

441 807 619 868 quam
649 787 725 847 ad
754 787 1065 846 tincturam
1094 785 1266 873 adjici
1294 787 1613 866 potuisset.
1695 785 1785 844 Ex
1811 794 1826 818 ‘
1853 784 2062 845 Satus’
2090 785 2310 846 fautum
2336 792 2354 819 ‘
2375 786 2632 859 Satura,'

442 883 602 965 quod
647 885 821 942 etiam
855 889 872 917 ⁸
894 881 1088 940 Satira
1106 881 1121 905 ’
1164 900 1270 959 per
1296 883 1320 939 i
1347 880 1691 951 efferebant,
1721 878 2217 957 quemadmodum
2245 887 2262 915 ⁴
2290 880 2590 941 Maximus
2614 881 2632 907 ’

441 991 504 1039 et
544 988 562 1013 ⁴
585 976 942 1049 Maxumus,'
988 983 1006 1011 ‘
1030 989 1306 1057 optumus
1327 975 1342 999 ’
1379 985 1439 1034 et
1484 981 1503 1009 ⁴
1526 974 1830 1053 optimus.'
1908 974 2015 1033 Est
2041 974 2217 1052 igitur
2247 974 2476 1034 Nomen
2502 976 2630 1034 Ad-

431 1075 737 1154 jectivurn‚
778 1072 939 1151 quod
989 1071 1329 1130 relationem
1374 1069 1556 1129 habet
1603 1069 1679 1128 ad
1731 1069 2174 1129 substantivum
2221 1069 2586 1130 intellectum
2611 1088 2629 1131 t

444 1170 721 1230 dicebant
746 1169 898 1228 enim
928 1166 1103 1246 prisci
1149 1174 1166 1201 ‘
1192 1166 1506 1236 Saturam,'
1538 1163 2048 1242 subintelligentes
2092 1170 2110 1198 ‘
2135 1162 2405 1223 lancem.'
2485 1164 2632 1224 Erat

444 1273 640 1323 autem
672 1272 687 1298 ‘
714 1264 926 1323 Satura
953 1262 1093 1321 lanx
1115 1261 1130 1285 ’
1159 1281 1263 1321 vas
1290 1260 1559 1337 (Gallico
1575 1279 1656 1319 un
1687 1260 1908 1333 bassin)
1935 1278 2106 1318 omne
2132 1278 2319 1337 genus
2348 1260 2631 1319 fructibus

443 1359 752 1437 repletum,
782 1375 933 1436 quos
961 1356 1160 1416 Cereri
1189 1356 1506 1436 quotannis
1533 1365 1593 1415 et
1618 1354 1879 1425 Baccho,
1915 1366 1983 1414 ut
2011 1355 2190 1414 totius
2219 1354 2356 1414 anni
2384 1373 2633 1433 proven-

442 1464 608 1514 tuum
655 1452 958 1531 primitiae,
1002 1449 1208 1511 offerre
1259 1450 1568 1517 solebant3
1613 1448 1943 1528 cujusmodi
1991 1448 2318 1511 oblationes
2355 1469 2429 1509 ex
2453 1449 2629 1509 variis

445 1548 756 1628 generibus
803 1546 953 1605 inter
999 1565 1068 1622 se
1111 1544 1373 1605 confusis
1412 1563 1531 1602 non
1561 1555 1730 1604 erant
1758 1543 1986 1604 Graecis
2016 1543 2253 1604 omnino
2309 1544 2630 1623 ncognitae,

444 1642 547 1722 qui
572 1662 675 1702 eas
706 1641 1082 1721 appellabant
1109 1642 1440 1716 πάγκαρπον
1469 1644 1692 1710 θυσίαν,
1721 1645 2140 1719 πανσπερμίαν,
2178 1650 2240 1699 et
2277 1640 2335 1699 in
2380 1640 2630 1719 legumi-

445 1740 619 1799 nibus
645 1739 987 1813 πυανεψίαν.
1069 1735 1389 1795 Diomedes
1420 1735 1856 1796 Grammaticus
1900 1747 2174 1796 accurate
2216 1743 2280 1795 et
2318 1734 2478 1795 hunc
2507 1735 2629 1796 Ro·

443 1854 746 1894 manorum
777 1852 995 1912 morem
1024 1841 1086 1892 et
1109 1833 1269 1892 vocis
1297 1840 1315 1868 ‘
1342 1832 1573 1890 Saturae
1593 1832 1609 1855 '
1636 1841 1906 1892 naturam
1933 1830 2246 1912 explicavit
2273 1830 2366 1890 his
2395 1830 2587 1891 verbis
2611 1851 2628 1890 ε

446 1936 464 1964 ‘
488 1931 650 1989 Lanx
678 1929 892 1990 referta
916 1927 1091 1986 variis
1121 1926 1440 2005 multisque
1463 1924 1733 2006 primitiis
1765 1927 1962 1986 Sacris
1992 1925 2223 1986 Cereris
2252 1925 2630 1997 inferebatur,

446 2035 507 2084 et
534 2044 571 2082 a
596 2024 769 2103 copia
794 2035 856 2083 et
883 2022 1186 2082 saturitate
1212 2022 1294 2082 oei
1322 2029 1340 2057 ‘
1360 2022 1605 2082 Satura'
1631 2023 1971 2082 vocabatur.
2026 2021 2211 2100 Cujus
2240 2019 2472 2100 generis
2499 2021 2631 2080 lan-

446 2118 597 2177 cium
623 2130 685 2179 et
712 2117 991 2194 Virgilius
1021 2117 1079 2175 in
1110 2116 1417 2195 Georgicis
1445 2114 1725 2188 meminit,
1753 2136 1889 2177 cum
1918 2117 2029 2177 boc
2057 2115 2232 2176 modo
2261 2115 2442 2176 dicit:

794 2228 1088 2290 Lancibus
1116 2239 1180 2289 et
1202 2228 1428 2307 pandis.
1446 2227 1735 2287 fumantia
1762 2227 2067 2289 reddimus
2094 2238 2256 2289 exta.

451 2325 547 2396 Et,
1041 2322 1359 2401 lancesque
1385 2333 1448 2382 et
1472 2320 1594 2382 liba
1620 2322 1918 2383 seremuz'

449 2437 746 2515 Deinceps
776 2435 852 2495 ad
883 2434 997 2495 alia
1022 2434 1400 2496 miscellanea
1421 2435 1710 2495 translata
1736 2446 1848 2496 esta
1934 2435 2093 2495 Fest.
2124 2442 2142 2470 ‘
2166 2434 2360 2494 Satira
2383 2434 2497 2494 cibi
2525 2450 2636 2513 ge-

447 2551 560 2591 nus
589 2551 661 2589 ex
688 2531 861 2590 variis
886 2531 1060 2590 rebus
1087 2528 1431 2590 conditum.’
1513 2529 1795 2610 Migravit
1820 2530 1959 2590 inde
1986 2531 2063 2591 ad
2101 2550 2195 2603 ea,
2238 2551 2374 2610 quoe
2419 2531 2649 2590 mentis·

447 2626 755 2704 owing-onii
783 2638 955 2692 sunt;
999 2644 1136 2684 nam
1165 2624 1368 2704 ‘leges
1395 2627 1640 2685 Saturas
1660 2626 1676 2650 '
1705 2636 2139 2706 nuncuparunt,
2168 2646 2303 2705 quae
2331 2627 2499 2705 plura
2525 2644 2628 2684 ca·-

446 2723 587 2803 pita,
618 2734 720 2781 aut
759 2721 960 2800 plures
986 2720 1198 2780 titulos·
1213 2720 1774 2799 complectebantur,
1798 2733 1865 2783 ut
1888 2731 1905 2759 ⁸
1931 2723 2147 2802 Legem
2174 2722 2439 2794 Juliam:
2474 2732 2493 2758 ⁴
2518 2722 2637 2782 Pav-

447 2818 647 2897 piam,'
694 2824 711 2851 ‘
735 2816 1092 2900 Poppream’
1130 2836 1266 2894 quae
1307 2815 1617 2876 dicebatur
1646 2825 1676 2896 .‘
1702 2817 2002 2891 miscella,’
2029 2818 2195 2897 quod
2230 2817 2385 2877 idem
2427 2827 2521 2877 est
2560 2836 2633 2878 ac

450 2920 466 2946 ‘
495 2914 706 2971 Satura
722 2912 759 2979 ς’
801 2912 959 2972 unde
1003 2913 1268 2991 profecta
1308 2921 1401 2971 est
1442 2922 1507 2971 et
1552 2911 1654 2971 illa
1693 2911 1913 2973 locutio
1954 2921 2101 2994 ‘per
2140 2914 2412 2973 Saturam
2438 2912 2647 2991 legem-

448 3006 636 3077 ferre‚’
675 3026 808 3065 cum
857 3026 975 3066 non
1021 3007 1242 3086 rogatis
1270 3027 1343 3067 ex
1372 3007 1581 3067 ordine
1611 3007 2013 3081 Senatoribus,
2059 3026 2178 3068 non
2206 3007 2493 3080 collectis,
2518 3025 2631 3066 nec

451 3101 833 3161 dinumeratis
862 3103 1187 3173 sententiis,
1223 3096 1436 3161 omnes
1458 3101 1632 3162 simul
1661 3117 1720 3164 et
1746 3103 2452 3183 promiscue=sententiarn
2478 3103 2634 3162 fere·-

450 3196 613 3269 bant,
655 3195 815 3274 quod
853 3196 1084 3276 proprie
1112 3197 1424 3257 dicebatur
1445 3217 1551 3276 per
1597 3204 1613 3234 ‘
1639 3200 1912 3258 Saturam
1941 3198 2261 3260 sententias
2288 3196 2638 3276 exquirere,.’

450 3291 748 3371 quomodo
796 3302 933 3371 post
982 3291 1482 3353 Laelium⁴locntus
1512 3304 1615 3353 est
1632 3294 1968 3354 Sallustius.
2050 3293 2261 3373 Neque
2288 3293 2385 3353 hic
2410 3291 2636 3352 consti·-

450 3398 681 3455 terunt=z
712 3382 887 3449 etia‘m
918 3395 935 3423 ‘
957 3388 1157 3448 Libros
1173 3392 1189 3416 ’
1215 3387 1503 3468 quosdam
1531 3388 1646 3447 hac
1672 3388 2065 3468 appellatione
2092 3386 2538 3467 insigniverunt,
2564 3396 2647 3445 ut*

451 3482 813 3544 Pescennius
842 3484 1074 3558 Festus,
1100 3485 1202 3564 qui
1228 3483 1573 3544 “Historias
1591 3484 1836 3544 Saturus
1857 3484 1872 3508 '
1901 3485 1991 3544 vel
2021 3491 2037 3520 ‘
2059 3483 2497 3564 per-*Saturamst
2520 3501 2630 3542 no·

450 3578 543 3636 bis
579 3578 764 3639 dedic.
1309 3620 1318 3627 -
1405 3614 1412 3621 ·

475 3696 482 3703 ·
534 3671 624 3729 Ex
670 3670 762 3730 his
808 3673 1078 3732 omnibns
1121 3673 1405 3752 exemplis
1453 3673 1611 3733 facili
1653 3673 1785 3753 quis
1821 3674 2061 3754 neg-otio
2102 3670 2214 3735 sibi
2253 3672 2634 3754 persuadebit

455 3766 685 3825 Horatii
713 3766 1072 3844 Opera-hinc
1099 3768 1607 3841 traxisse-nomen,
1635 3775 1655 3805 ‘
1675 3770 2043 3852 Satirasque'
2071 3769 2420 3857 appellatas,
2468 3770 2649 3847 quodi

454 3861 694 3921 ⁸·multis
746 3870 807 3921 et
851 3863 1026 3922 variis
1069 3864 1242 3923 rebus
1287 3864 1403 3924 hoc
1448 3866 1701 3926 Carmen
1749 3868 2024 3927 refertum
2068 3867 2268 3938 esset:
2328 3866 2645 3944 quomodo·

454 3956 598 4017 dicit
643 3954 989 4038 Porphyrio.
1073 3957 1247 4027 Quod
1297 3959 1533 4039 quidem
1575 3981 1648 4021 ex
1694 3972 1861 4042 parte
1904 3980 2103 4021 verum
2130 3968 2262 4021 est:
2302 3962 2635 4020 caveenim

451 4066 648 4130 putes,
686 4071 888 4113 vocem
931 4052 1108 4113 nullis
1135 4054 1644 4117 intercedentibus
1674 4057 1975 4136 gradibus,
2006 4058 2107 4136 qui
2135 4056 2629 4135 transitum-prm·

453 4148 678 4221 berent,
722 4149 918 4209 statim
961 4148 1076 4210 huc
1124 4148 1478 4211 deductam:
1523 4152 1649 4231 ejus
1676 4153 2630 4233 migrationes-antiquiores·erant
