2984 4867
966 345 1380 396 caussinum
1430 346 1577 396 un.
1623 348 1726 397 ιν.
1766 335 1831 397 4.

663 484 949 549 Sensere
981 485 1146 568 quid
1178 505 1361 551 mens
1390 488 1538 565 rite,
1567 487 1723 570 quid
1753 488 2015 554 indoles

2376 334 2505 401 571

666 586 735 650 N
739 589 942 651 utrita
969 583 1359 652 faustis-'snb
1386 590 1837 671 penetralibus

747 687 1017 764 Posset,
1047 687 1210 770 quid
1248 687 1528 771 Augusti
1557 696 1863 773 paternus

827 788 1179 871 Inpueros
1210 790 1473 854 animus
1509 790 1838 856 Nerones.

657 886 905 970 Fortes,
924 896 1224 953 creantur
1250 890 1553 969 sortibus,
1583 897 1650 953 et
1679 892 1906 957 bonis:

307 1062 515 1117 experto
529 1064 642 1107 snat
662 1061 775 1122 quta
796 1060 1060 1122 ἰκςειίκπι,
1081 1061 1195 1124 qaid
1215 1060 1397 1109 unimus
1412 1059 1610 1120 infelici
1628 1062 1762 1108 domo
1778 1060 2046 1121 institutus,
2069 1063 2269 1124 quidque
2290 1060 2498 1109 Caesuris

306 1133 423 1181 erge
447 1122 865 1185 Neronesjnvenes
875 1131 1075 1188 paterna
1094 1139 1225 1175 nrm
1237 1126 1410 1174 vnket.
1475 1123 1672 1174 Strmi
1688 1125 1958 1186 gignuntur
1969 1126 2178 1175 strenuis
2196 1131 2338 1189 utque
2353 1139 2498 1187 gene-

1225 1264 1490 1285 omme&
1494 1263 1582 1286 ‘CO

304 1357 442 1422 quod
465 1359 562 1408 late
585 1360 826 1410 victrices
843 1361 1082 1412 dixerat?
1149 1361 1237 1411 Ita
1271 1370 1328 1413 et
1364 1362 1593 1412 nonnulli
1635 1363 1813 1414 Lamb.
1848 1364 2075 1414 Bentleii
2111 1363 2287 1414 Groev.
2309 1377 2340 1411 a
2363 1376 2430 1411 rn.
2453 1379 2495 1413 s.

305 1429 363 1470 et
384 1421 463 1469 sic
498 1424 675 1475 Bentl.
702 1426 824 1474 San.
861 1426 983 1477 Jon.
1054 1426 1238 1475 Latine
1262 1427 1367 1476 dici
1400 1441 1550 1490 posse
1583 1428 1598 1455 ‘
1622 1438 1860 1476 catervas
1896 1426 2192 1490 repressas'
2222 1441 2320 1475 non
2364 1435 2498 1488 erat,

307 1484 443 1548 qnod
467 1487 647 1536 Bentl.
682 1490 854 1538 multis
888 1490 1136 1552 exemplis
1172 1490 1519 1539 confirmaret.
1584 1491 1685 1539 Sed
1721 1491 1936 1540 alteram
1958 1492 2251 1550 lectionem,
2287 1491 2496 1551 πείσειε,

339 1563 455 1599 uam
482 1558 695 1600 tuentur
728 1552 925 1601 Comm.
951 1552 1183 1617 Cruquii,
1216 1554 1320 1604 duo
1343 1556 1486 1604 Vatt.
1512 1553 1698 1602 Faiirn.
1738 1554 1895 1605 Jann.
1941 1556 2061 1604 Urs.
2097 1555 2255 1602 Torn.
2301 1554 2385 1602 alii
2425 1568 2491 1602 ue

349 1613 487 1662 amb.
509 1628 686 1663 omnes
707 1616 852 1666 Torr.
884 1617 1105 1680 (praeter
1138 1616 1272 1680 duo)
1305 1619 1462 1680 Crnq.
1501 1617 1671 1666 Pulm-
1708 1626 1761 1666 et
1807 1618 1986 1680 nostri,
2024 1630 2302 1681 omnesque
2340 1616 2404 1664 ed
2430 1624 2493 1667 tt.

303 1682 432 1725 vett.
458 1691 573 1726 eam
596 1678 753 1740 igitur
777 1681 1051 1729 lectionem
1088 1694 1187 1728 non
1211 1682 1373 1730 solum
1398 1681 1605 1739 bonam,
1638 1680 1727 1729 sed
1753 1682 1908 1730 etiam
1932 1696 2046 1731 cum
2070 1681 2353 1730 doctiorem
2388 1695 2494 1728 ma·

302 1739 485 1803 aisque
506 1742 723 1803 lyricam
745 1744 915 1805 priore
940 1744 1046 1807 illa,
1071 1751 1178 1792 tum
1204 1742 1466 1793 fortiorem
1497 1758 1628 1799 esse,
1651 1744 1738 1806 qui
1762 1759 1864 1793 non
1889 1746 2100 1804 sentiat,
2121 1759 2237 1808 enm
2273 1744 2341 1792 nil
2379 1758 2494 1792 sen·

302 1802 404 1852 tire
426 1812 623 1868 putem.
680 1807 920 1871 Denique
942 1807 1056 1869 quis
1080 1807 1316 1857 Bentleio
1339 1808 1492 1868 dixit,
1515 1808 1724 1856 Rhaetos
1742 1816 1797 1856 et
1820 1808 2119 1857 Vindelicos
2138 1808 2493 1857 tantummodo

298 1864 438 1917 intra
456 1883 576 1918 snos
596 1868 723 1918 fines
745 1873 1037 1934 compulsos
1059 1870 1209 1919 esse?
1263 1872 1489 1920 revincto
1513 1871 1735 1920 nonnulli
1766 1871 1939 1920 Lamb.
1963 1872 2064 1920 dno
2085 1872 2322 1919 'Por-rent.
2344 1871 2492 1933 lapsu

300 1929 517 1981 librarii.
550 1933 754 1982 reducta
776 1934 919 1998 Lips.
941 1939 991 1983 2.
1027 1950 1056 1984 a
1079 1948 1146 1982 rn.
1166 1948 1207 1982 a.
1243 1935 1447 1997 reJectoe,
1465 1936 1592 1984 item
1614 1934 1826 1997 repulsa,
1848 1935 1971 1984 Var.
1995 1936 2166 1984 Lectt.
2192 1949 2276 1996 ap.
2299 1933 2499 1985 Jones!

298 1993 434 2043 Jmn‘.
490 1997 684 2046 renictae
708 1997 899 2047 habent
925 1997 1074 2047 Harl.
1099 2002 1147 2048 1.
1169 2001 1219 2046 2.
1241 2001 1287 2046 3.
1311 2003 1359 2047 4.
1384 2004 1432 2046 ⁵.
1454 2003 1503 2047 6.
1540 1999 1607 2046 al.
1630 2005 1683 2046 et
1704 1997 1824 2047 edd.
1851 2003 2205 2047 meeum—25
2241 1999 2490 2047 Francius

299 2071 383 2121 ap·
406 2058 630 2124 Cuning.
651 2062 788 2124 conj.
811 2075 941 2110 mem
958 2067 1088 2110 rectu
1102 2077 1122 2119 ,-
1155 2070 1210 2108 et
1233 2061 1307 2112 sie
1331 2061 1441 2111 Ant.
1466 2066 1515 2110 2.
1554 2076 1638 2124 ap.
1676 2060 1944 2111 hut—26
1979 2063 2158 2111 Bentl.
2194 2076 2287 2124 pro
2306 2061 2493 2121 sumtis

299 2122 502 2173 emend.
523 2123 724 2186 mactis,
744 2133 797 2174 et
820 2126 895 2175 sie
918 2125 1085 2173 edidit
1109 2124 1271 2173 Kidd.
1337 2124 1472 2174 ‘Sed
1514 2125 1557 2173 si
1595 2132 1740 2173 recte
1774 2125 2066 2187 explicetur
2087 2125 2309 2174 omnium
2335 2124 2487 2174 codd.

298 2185 457 2235 lectio
481 2186 685 2251 samis,
705 2190 868 2238 multo
887 2188 1148 2252 pulchrior
1171 2196 1223 2237 et
1245 2187 1571 2252 exquisitior,
1598 2202 1749 2250 quam
1770 2188 1984 2237 sanctis!
2017 2189 2051 2240 J
2057 2189 2290 2238 anie-29
2322 2191 2337 2216 ⁸
2353 2188 2490 2236 Vere

299 2247 693 2314 distinguimus:
714 2252 965 2312 sortibus.-
996 2257 1045 2302 et
1067 2252 1199 2301 bonis
1221 2253 1334 2313 Est,
1354 2255 1435 2313 ξε.
1464 2253 1569 2301 vid.
1588 2252 1732 2315 Sylv.
1767 2252 1896 2300 Crit.
1928 2254 2070 2301 Sect.
2095 2266 2176 2302 xv.
2199 2252 2265 2300 im
2309 2251 2495 2300 roban·

299 2312 438 2362 tibus
461 2315 729 2371 nonnullis.
751 2315 859 2380 qui,
880 2315 977 2364 nisi
999 2316 1138 2377 quod
1162 2315 1286 2380 ipsis
1310 2317 1361 2363 in
1384 2325 1608 2364 mentem
1648 2315 1824 2376 primis
1848 2316 2066 2378 venerit,
2099 2316 2243 2366 nihil.
2287 2315 2491 2364 eliciter

298 2377 650 2441 excogitatum
697 2378 922 2442 putant.’
964 2378 1158 2438 Wakef.

1224 2379 1353 2428 Post
1379 2377 1597 2438 sortibus
1619 2377 1943 2441 distinguunt
1985 2379 2133 2427 multi
2176 2378 2329 2426 codd.
2364 2378 2490 2426 item

299 2439 452 2492 editt.
479 2448 537 2491 ut
556 2442 749 2491 Venet-
774 2446 915 2492 1477.
938 2446 1082 2491 1478.
1106 2446 1250 2491 1479.
1283 2443 1426 2492 Mur.
1462 2443 1607 2492 Torr.
1628 2442 1781 2490 Fabr.
1804 2443 1924 2504 Xyl.
1947 2442 2132 2491 Heius.
2155 2442 2336 2504 steph.
2359 2441 2490 2490 Fab.

296 2503 493 2560 Sanad.
517 2511 575 2554 nt
597 2507 683 2563 sit,
709 2512 757 2555 et
779 2507 912 2556 bonis
946 2507 1035 2554 Est
1068 2507 1119 2554 in
1137 2505 1376 2565 juvencis,
1394 2508 1477 2568 ξε.

1546 2509 1559 2532 ⁸
1578 2506 1681 2554 Sed
1718 2508 1909 2555 rectius
1939 2507 2186 2569 jungunt,
2206 2505 2421 2565 sortibus
2441 2509 2490 2554 et

301 2566 463 2616 bonis.-
495 2569 709 2619 Locber.
734 2569 925 2619 Ascen.
948 2568 1126 2618 Basill.
1155 2569 1336 2618 Lamb.
1359 2570 1519 2633 Cruq.
1544 2570 1703 2631 Rutg.
1729 2565 1919 2618 D‘acer.
1943 2570 2110 2619 Bentl.
2138 2570 2268 2619 Cun.
2287 2561 2410 2621 Jon.
2433 2574 2489 2617 et

298 2638 524 2682 recentt.
574 2634 694 2683 Non
715 2648 844 2698 opus
864 2633 1091 2683 habebat
1113 2633 1286 2683 Bentl.
1310 2639 1456 2683 tanta
1476 2633 1768 2683 subtilitate
1789 2632 1855 2682 ad
1874 2630 2255 2698 defendendam
2279 2633 2492 2683 distinc-

1260 2763 1506 2821 ‘NG'I'AE

357 2871 423 2918 24
454 2867 678 2931 saunis]
733 2867 936 2918 Claudii
961 2866 1135 2928 Drusi,
1156 2866 1224 2918 de
1248 2880 1350 2932 quo

297 2950 440 2993 {nte-

355 3023 421 3069 2⁵
454 3018 649 3069 Senum
688 3018 819 3082 quid,
858 3019 964 3082 ξω]
1030 3017 1348 3068 Intellexere

292 3093 419 3159 qnid
441 3100 497 3143 et
517 3100 762 3158 quantum
788 3094 985 3142 valeret
1015 3091 1271 3141 institutio
1293 3097 1349 3140 et

292 3166 534 3219 educatlo
552 3167 773 3231 Augusti
798 3167 1041 3230 Caesaris,
1061 3168 1150 3230 qui
1173 3174 1348 3230 pater·

291 3256 415 3292 num
467 3241 708 3292 exhibuit
749 3242 970 3290 animum
1012 3250 1068 3290 et
1104 3239 1347 3291 affectum

289 3329 417 3382 erga
453 3332 639 3382 pueros
690 3318 926 3368 Nerones
971 3317 1239 3366 Tiberium
1284 3332 1346 3368 ac

290 3394 533 3454 Drusum,
555 3406 683 3457 qnos
702 3390 996 3455 adoptarat,
1016 3397 1071 3440 et
1099 3391 1244 3440 bonis
1268 3404 1344 3440 ar·

290 3467 429 3520 tibus
446 3465 653 3516 erudire
681 3472 970 3515 curaverat.
1035 3465 1171 3515 Nam
1192 3465 1343 3514 Tibe-

288 3542 393 3592 rius
427 3542 592 3605 Nero,
620 3541 767 3590 Livia
798 3541 1028 3590 Drusilla
1057 3555 1219 3590 uxore
1250 3555 1344 3590 sua

289 3623 399 3667 tum
442 3616 602 3666 etiam
637 3622 939 3678 praegnante
975 3614 1209 3678 Augusto
1254 3628 1343 3677 pe·

287 3683 420 3742 tenti
441 3703 714 3751 concessa,
738 3690 891 3752 paulo
914 3698 1027 3753 post
1051 3704 1081 3737 e
1105 3688 1233 3737 vivis
1257 3703 1345 3738 ex·

286 3768 442 3818 cessit
458 3782 473 3815 z
495 3765 717 3814 eundem
732 3778 856 3814 vero
875 3764 1161 3827 Angustum
1181 3765 1345 3830 scrip-

285 3849 428 3892 serat
450 3848 677 3891 tutorem
700 3839 920 3889 tiliorum
944 3854 1171 3901 suornm,
1203 3854 1341 3889 nem·

287 3934 353 3983 pc
380 3919 579 3970 ‘nberii
615 3924 839 3982 quatuor
873 3916 987 3967 fere
1020 3932 1182 3968 annos
1208 3918 1339 3981 nati,

281 3987 346 4044 'ac
368 3993 526 4045 Drusi
549 4007 701 4058 quem
724 3992 880 4041 enixa
901 4000 982 4042 est
1011 3993 1177 4055 Livia,
1201 4007 1340 4042 men-

288 4068 421 4120 sibus
454 4068 619 4122 tribus
644 4074 763 4130 post
794 4065 940 4116 sunm
964 4081 1078 4117 cum
1102 4068 1340 4133 Augusto

287 4143 594 4209 conjugium.
628 4141 768 4193 Hinc
785 4155 908 4205 ergo
930 4144 944 4170 ‘
960 4150 1209 4209 paternus
1228 4142 1337 4194 Au·

1430 2867 1568 2930 gusti
1609 2867 1806 2916 animus
1847 2865 1897 2914 in
1943 2879 2133 2930 pueros
2176 2865 2490 2928 Nerones3’

1432 2950 1539 2992 tum
1579 2942 1714 3007 quod
1754 2955 1928 2990 eorum
1969 2950 2185 2989 matrem
2228 2941 2485 3003 duxerat;

1428 3024 1538 3068 tum
1565 3018 1700 3083 quod
1723 3032 1896 3068 eorum
1917 3024 2059 3067 tutor
2075 3023 2213 3067 esset
2228 3031 2258 3065 a
2272 3016 2485 3066 Tiberio

1427 3100 1578 3157 patre
1620 3100 1966 3157 nuncupatus.
2047 3093 2256 3141 Sueton.
2294 3092 2485 3142 Octav.

1426 3183 1546 3231 cap.
1579 3173 1659 3218 62.
1692 3177 1747 3218 et
1769 3172 1851 3217 63.
1917 3167 2055 3216 Vell.
2082 3167 2347 3217 Patercul.
2371 3166 2482 3230 Jam

1427 3242 1520 3292 cit.
1542 3243 1716 3291 Tacit.
1736 3240 1924 3290 Annal.
1949 3254 1989 3288 1.
2010 3243 2111 3288 &m

1489 3321 1558 3367 29
1593 3317 1760 3367 Fortes
1780 3314 2239 3377 creantur-sortibus]
2269 3315 2346 3375 Ἐξ
2360 3315 2480 3375 ἀγα-

1424 3395 1516 3442 oar
1534 3391 1716 3456 ἀγαθοί.
1753 3392 1971 3442 Aristot.
2040 3391 2368 3440 Contrarium
2403 3398 2481 3440 ta·

1423 3485 1544 3520 men
1586 3470 1762 3520 evenit
1796 3484 1896 3517 non
1938 3482 2086 3517 raro:
2127 3480 2240 3515 uam
2265 3474 2320 3517 et
2350 3467 2480 3518 ‘filii

1422 3546 1636 3595 heroum
1658 3531 1842 3593 nomes
1879 3543 2151 3591 interdum.
2218 3541 2305 3591 Sic
2327 3542 2480 3605 dege-

1422 3634 1574 3669 neres
1596 3619 1820 3668 extitere
1852 3617 1943 3666 filii
1974 3617 2223 3667 Samuelis
2247 3617 2478 3682 Prophe·

1423 3702 1518 3757 toe,
1541 3692 1845 3749 Alcibiadis,
1866 3692 2116 3753 Dionysii,
2134 3691 2370 3754 Periclis,
2388 3694 2480 3750 So·

1422 3770 1599 3825 cratis,
1651 3767 1932 3823 Ciceronis,
1982 3770 2081 3816 &tn
2147 3765 2316 3815 Porro
2365 3767 2480 3816 vice

1423 3858 1576 3894 versa
1619 3858 1649 3893 e
1694 3843 1841 3892 malis
1873 3850 1930 3892 et
1967 3841 2162 3904 ignavis
2200 3841 2480 3904 aliquando

1419 3918 1591 3969 exorti
1633 3925 1754 3968 sunt
1792 3917 1910 3967 boni
1944 3924 1998 3965 et
2036 3914 2216 3977 fortes,
2255 3915 2475 3966 testibus

1418 3993 1747 4044 historiarum
1787 3991 2145 4041 monumentis.
2211 3990 2348 4039 Vide
2373 3991 2475 4039 Va·

1420 4070 1514 4120 ler.
1537 4070 1753 4118 Maxim.
1774 4082 1860 4119 nr.
1884 4073 1933 4117 4.
1956 4074 2012 4117 et
2038 4073 2084 4116 6.
2281 4069 2285 4073 ’

1483 4146 1552 4193 Et
1574 4143 1729 4207 bouis]
1778 4142 1908 4193 Haec
1931 4141 2090 4207 aliqui
2105 4141 2334 4206 jungunt
2356 4154 2472 4192 cum
