2984 4867
884 367 1412 418 nmswonanum
1467 369 1619 422 mn.
1664 369 1713 417 r.
1752 355 1821 421 6.
2266 358 2438 426 1103

1022 655 1493 723 EPISTOLA
1535 653 1667 723 VI.

1069 837 1172 884 AD
1219 837 1638 886 Nummum.

251 983 379 1035 Vita
412 982 566 1036 beata
602 989 806 1035 constat
837 989 1169 1034 externorum
1204 990 1489 1034 contemtu.
1525 985 1682 1035 Bane.
1748 985 2018 1036 Nltmicius
2050 982 2254 1038 videtur
2286 990 2437 1040 homo

314 1063 472 1115 fuisse
494 1066 547 1115 iu
578 1066 699 1116 vitae
722 1079 910 1129 genere
932 1074 989 1116 et
1011 1065 1251 1116 instituto
1285 1063 1554 1128 probando
1586 1079 1648 1114 ac
1679 1066 1928 1116 sectando
1962 1065 2234 1118 admodum
2261 1069 2440 1119 incon·

315 1151 458 1194 stans
494 1149 551 1194 et
580 1157 828 1196 morosus.
894 1147 1070 1198 Quare
1103 1146 1263 1195 docet
1295 1144 1571 1206 Horatius,
1592 1144 1657 1195 ad
1681 1147 1804 1195 vitae
1832 1148 2256 1211 tranquillitatem
2280 1150 2439 1212 perti·

317 1238 442 1274 uere
461 1224 588 1274 nihil
622 1225 883 1285 admirari,
901 1241 997 1276 nec
1022 1226 1291 1290 quicquam
1315 1224 1477 1287 magis
1501 1224 1568 1273 ab
1591 1224 1680 1274 illa
1702 1225 1999 1287 abhorrere,
2015 1243 2167 1292 quam
2197 1229 2250 1278 ln
2285 1229 2439 1279 rebus

316 1304 623 1367 appetendis
643 1304 1003 1371 fugiendisque
1026 1304 1296 1355 fluctuare.
1361 1304 1561 1356 Quodsi
1583 1305 1636 1355 in
1659 1288 1866 1355 vin-tritis
1886 1306 2222 1359 admiratione
2253 1309 2440 1360 excedi

316 1392 491 1448 potest
510 1387 720 1449 modus3
755 1387 875 1451 quid
910 1385 1137 1436 futurum
1159 1386 1311 1435 estin
1336 1384 1471 1435 vasis
1491 1386 1773 1449 argenteis,
1792 1387 1996 1450 statuis,
2018 1388 2264 1446 vestibus,
2284 1391 2440 1441 hono·

318 1467 480 1528 ribus,
497 1466 682 1531 opibus
702 1474 757 1517 et
779 1466 974 1515 divitiis
1001 1465 1314 1516 admirandis
1336 1473 1392 1515 et
1413 1465 1565 1516 nimis
1586 1466 1933 1531 appetendis?
1998 1466 2083 1518 Ad
2106 1469 2261 1519 animi
2283 1470 2440 1534 igitur

318 1546 745 1610 tranquillitatem
784 1544 1025 1595 tuendam
1046 1559 1177 1608 opus
1199 1550 1297 1606 est,
1318 1544 1451 1593 utin
1473 1544 1692 1608 optimo,
1712 1544 1848 1609 quod
1869 1543 2075 1610 quidem
2094 1549 2259 1598 visum
2281 1548 2441 1600 fuerit

317 1623 432 1682 tibi,
464 1625 717 1675 servando
734 1617 795 1674 et'
811 1623 1057 1674 sectando
1079 1625 1147 1673 sis
1180 1629 1426 1673 constans
1461 1630 1517 1672 et
1550 1622 1762 1674 stabilis.
1830 1623 2024 1675 Quodsi
2045 1623 2209 1675 virtus
2243 1633 2295 1676 te
2319 1627 2440 1678 bea·

318 1707 423 1755 tuul
448 1705 667 1755 reddere
701 1713 754 1756 et
776 1718 986 1755 servare
1009 1711 1219 1769 potest;
1251 1703 1499 1754 virtutem
1522 1704 1657 1766 cole,
1677 1705 1866 1754 ceteris
1887 1704 2088 1755 omissis
2117 1705 2321 1756 studiis.
2386 1707 2441 1757 Si

315 1784 429 1835 fieri
455 1792 646 1848 potest,
670 1793 730 1835 ut
761 1786 813 1835 in
845 1785 1039 1835 divitiis
1062 1784 1184 1834 vitae
1219 1782 1527 1834 felicitatem
1565 1784 1829 1847 posueris;
1857 1784 1948 1833 has
1975 1785 2124 1835 unice
2155 1792 2362 1836 sectare
2384 1793 2443 1837 et

314 1879 446 1928 ange
479 1871 727 1929 quantum
762 1872 926 1930 potes.
991 1865 1045 1914 Si
1080 1865 1302 1915 honores
1335 1864 1434 1914 tibi
1462 1864 1558 1914 visi
1596 1863 1790 1915 fuerint
1821 1865 1978 1915 animi
2012 1866 2438 1932 tranquillitatem

318 1939 537 2007 αὔοι-τω
569 1947 841 1996 honoribus
875 1959 1077 1995 omnem
1113 1944 1300 1995 adhibe
1338 1955 1513 1995 euram
1535 1952 1591 1995 et
1612 1959 1840 2009 operam.
1904 1946 1960 1995 Si
1989 1946 2041 1994 in
2068 1959 2260 1996 mensa
2282 1946 2441 2009 gulae-

317 2041 419 2090 que
441 2024 640 2076 deliciis
657 2040 906 2076 summum
929 2024 1158 2090 posueris
1181 2020 1402 2085 bonum3
1427 2031 1673 2088 tanquam
1697 2025 1833 2074 tribu
1853 2033 2024 2075 motus
2048 2031 2105 2075 et
2124 2025 2441 2089 impotentes

315 2107 521 2170 Ulyssis
543 2107 668 2156 socii
700 2107 797 2156 hoe
820 2104 1103 2169 voluptatis
1138 2118 1299 2168 genus
1331 2111 1553 2154 sectare.
1617 2104 1670 2154 Si
1704 2104 1931 2170 denique
1965 2104 2085 2155 nihil
2119 2106 2230 2155 sine
2266 2120 2439 2157 amore

309 2191 554 2255 jocisque
568 2187 854 2253 jucundum
878 2186 1179 2252 putaveris3
1215 2186 1330 2236 vive
1353 2185 1405 2235 in
1428 2200 1603 2236 amore
1617 2185 1877 2251 jocisque.

256 2322 408 2388 Νιι,
442 2321 754 2387 admirari
784 2338 999 2404 prope
1025 2338 1135 2384 res
1163 2322 1269 2382 est
1297 2339 1448 2396 una,
1477 2311 1780 2395 Numici,

255 2423 578 2507 Solaque,
611 2441 765 2507 quae
795 2422 1017 2506 possit
1043 2421 1266 2485 facere
1295 2425 1363 2485 et
1387 2438 1652 2484 servare
1681 2421 1983 2485 beatum.

255 2523 463 2588 Hunc
493 2523 721 2598 solem,
752 2529 823 2587 et
851 2521 1103 2600 stellas,
1129 2526 1196 2586 et
1223 2521 1625 2586 decedentia
1653 2522 1854 2586 certis

321 2703 368 2751 0
391 2700 604 2762 Numici,
623 2701 745 2751 nihil
762 2701 947 2758 mirari,
967 2707 1037 2750 est
1067 2702 1208 2749 anien
1225 2699 1338 2759 sere
1369 2705 1418 2750 et
1450 2701 1552 2749 sola
1571 2715 1665 2764 res,
1690 2713 1795 2765 quo
1823 2702 1969 2765 possit
1993 2698 2178 2753 beatam
2197 2706 2374 2769 efficere
2391 2707 2438 2753 et

249 2779 453 2816 servare.
523 2765 841 2829 Remmiu-
872 2766 1096 2827 hominu,
1123 2765 1208 2828 qai
1237 2765 1366 2813 natta
1385 2764 1701 2827 trepidatione
1718 2765 1885 2830 affecti
1914 2770 2281 2832 contemplantur
2299 2769 2440 2816 ulem

1161 2924 1253 2948 ΟΝ
1503 2924 1537 2947 0

315 3038 549 3106 Epistola
571 3041 749 3106 quinta
771 3039 917 3090 Libri
941 3037 1091 3104 primi
1124 3040 1178 3089 in
1197 3039 1296 3089 Edi
1317 3039 1507 3089 Sauad.
1574 3037 1888 3088 lusci-ibitur
1924 3036 1976 3085 iu
2015 3034 2132 3085 eod.
2155 3034 2438 3099 Bamberg.

251 3106 333 3156 Ad
357 3107 608 3156 Numicum
626 3121 647 3166 ,-
681 3106 769 3173 qni
801 3103 967 3155 codex
1002 3110 1177 3154 tamen
1200 3117 1277 3154 vs.
1301 3108 1348 3153 1.
1383 3104 1540 3153 habet
1583 3101 1888 3152 Nuntiet—8
1924 3100 2069 3149 Nune
2098 3100 2240 3149 solem
2262 3098 2438 3149 Zarot-

1234 3241 1451 3300 1101·AE

318 3370 345 3415 1
373 3366 465 3414 Nil
482 3364 631 3428 ada]
653 3370 669 3393 ‘
686 3361 1015 3415 Admirabilis
1037 3358 1304 3425 Epistola,’

249 3441 420 3507 iuquit
459 3438 811 3498 Parthenius;
864 3438 880 3465 ‘
904 3434 1148 3499 erudita,'
1177 3436 1305 3484 Tor·

253 3517 484 3578 rentius;
540 3517 556 3543 ‘
579 3512 764 3575 aurea:
808 3510 1081 3562 Laudinus.
1168 3509 1305 3558 Sane

251 3592 268 3621 ‘
294 3589 647 3646 admirabilis.’
689 3603 805 3655 quae
841 3586 965 3635 nibil
1012 3585 1171 3634 stulte
1213 3583 1305 3632 mi·

251 3667 377 3729 rari,
400 3666 690 3717 luculenter
711 3671 769 3713 et
785 3663 912 3712 mire
929 3662 1118 3711 docet:
1155 3659 1171 3687 ‘
1190 3673 1306 3708 eru·

252 3741 400 3806 dita,’
445 3756 559 3808 quas
612 3738 957 3801 Philosophiae
1002 3734 1208 3785 moralis
1251 3741 1308 3784 et

249 3820 392 3870 Stoae
430 3815 679 3882 mysteria
716 3812 1124 3864 reconditissima
1168 3809 1307 3860 clare

251 3889 484 3953 exbibet,¹
502 3899 661 3956 atque
674 3889 894 3940 solerter
910 3883 1128 3936 insinuat
1147 3901 1161 3934 z
1186 3885 1202 3912 ‘
1219 3899 1307 3933 au-

253 3970 378 4034 rea,’
417 3983 532 4033 quoe
568 3969 583 3993 ‘
609 3980 782 4016 aureae
813 3959 1183 4014 mediocritatis
1203 3960 1218 3982 '
1247 3975 1307 4010 ac

254 4060 391 4096 verae
444 4045 648 4096 virtutis
703 4043 980 4106 imaginem
1039 4040 1307 4103 eleganter

250 4121 539 4171 adumbrat.
646 4180 650 4184 .

322 4196 416 4246 Nil
448 4194 703 4258 admirari]
739 4196 858 4248 Non
896 4193 1112 4258 percelli
1148 4192 1309 4243 admi·

1384 3360 1591 3410 ratione
1614 3360 1702 3409 illa
1719 3358 1882 3421 fatua,
1913 3374 1944 3409 e
1977 3370 2080 3423 qua
2101 3354 2330 3406 nascitur
2350 3368 2439 3404 cu·

1383 3434 1592 3499 piditas,
1630 3434 1714 3484 vel
1750 3435 1922 3496 timor,
1964 3433 2187 3482 animum
2225 3429 2439 3494 perinde

1384 3517 1706 3575 torquentes.
1770 3508 1852 3558 De
1891 3523 1956 3557 ea
1994 3500 2031 3556 i.
2066 3506 2235 3569 Epist.
2273 3510 2318 3554 l.
2354 3508 2437 3554 47.

1383 3584 1566 3635 Stulta!
1590 3585 1664 3635 illi
1695 3583 2025 3634 admirationi
2048 3583 2294 3632 virtutem
2316 3593 2439 3630 con·

1386 3660 1593 3709 trariam
1622 3658 1950 3708 Democritus
1984 3655 2203 3706 vocabat
2234 3655 2439 3716 ἅθανμα-

1386 3733 1514 3785 cleb.

1451 3809 1672 3873 Numici]
1706 3809 1944 3861 Numicia
1972 3822 2098 3872 gens
2130 3808 2313 3858 Romae
2349 3823 2439 3871 pa-

1388 3888 1558 3938 tricia.

1451 3966 1480 4010 8
1510 3961 1804 4010 Decedentt'a
1823 3960 1969 4009 certis
1990 3959 2217 4022 Tempora
2235 3973 2438 4009 montea-

1387 4039 1473 4103 tis]
1509 4037 1884 4088 Conversiones
1918 4041 2192 4097 astrorum,
2219 4035 2436 4100 indeque

1385 4125 1536 4166 natas
1555 4114 1882 4175 mutationes,
1894 4118 2182 4175 temporum
2205 4111 2362 4174 vices,
2377 4124 2438 4160 ac

1387 4197 1755 4256 tempestatum
1776 4189 2075 4251 varietates,
2098 4191 2198 4238 &e-
