2984 4867
968 375 1385 458 snnmouu'm
1437 409 1581 457 mn.
1627 410 1704 457 ιι.
1747 395 1811 458 4.

284 549 736 634 Pythagoran,
767 545 1106 633 Auitique
1132 567 1337 627 reum,
1365 551 1764 633 doctumque
1794 550 2103 615 Platona.

283 651 338 727 ἹῙ
371 652 731 717 Peccatum
760 653 995 728 fateor,
1026 670 1179 715 cum
1211 659 1278 716 te
1310 653 1412 716 sic
1440 659 1741 737 tempore
1775 653 1950 718 laevo

282 752 804 837 Interpellaritn:
849 752 966 816 sed
996 752 1120 816 des
1149 752 1403 815 veniam
1436 754 1674 829 bonne,
1702 773 1836 817 oro.
2418 752 2464 815 5

285 851 486 930 Quod
516 856 577 918 si
597 853 1002 918 interciderit
1030 853 1153 917 tibi
1181 871 1354 917 nuuc
1386 853 1664 936 aliquid,
1693 861 1946 936 repetes
1977 871 2139 918 mox
2163 872 2182 933 ;
2440 855 2449 862 ’

284 955 444 1018 Sive
472 961 580 1018 est
603 964 854 1019 naturae
884 955 1036 1030 hoc,
1069 955 1213 1017 sive
1242 954 1445 1033 artie,
1425 972 1444 991 ·
1490 954 1701 1017 mirus
1732 960 2032 1036 utroque.

280 1135 365 1183 per
390 1125 589 1182 tempus,
615 1121 824 1183 cupienti
845 1125 1009 1169 noem
1027 1136 1148 1169 nova
1166 1122 1458 1178 ἀοσιιηιειιία,
1477 1120 2020 1184 qnoesapergrediuatar
2042 1120 2089 1168 P
2088 1119 2385 1182 ytbagorans,
2416 1124 2466 1168 et

281 1189 548 1234 «cenatum
581 1184 841 1247 ubAnyto,
861 1189 1003 1246 atque
1033 1184 1269 1233 eruditam
1307 1184 1574 1233 Platonem.
1641 1184 1788 1233 Hon.
1827 1184 2063 1248 Confiteor
2098 1189 2324 1243 endum,
2343 1184 2468 1245 qaod

281 1247 585 1297 tenuemus
603 1248 718 1296 horu
743 1254 843 1296 teas
861 1250 1206 1311 inepperlm:
1239 1249 1342 1309 σαὶ,
1358 1262 1544 1312 precor,
1566 1249 1761 1308 indulge
1774 1247 2031 1308 benig-auu
2063 1247 2109 1295 si
2127 1248 2253 1295 enin
2273 1247 2464 1295 excidat

281 1310 376 1360 titt
396 1312 527 1360 undo
547 1311 805 1374 quidpiam,
825 1326 908 1361 sea
938 1312 1057 1360 mad
1082 1312 1257 1374 pendet
1290 1325 1319 1358 a
1349 1316 1524 1360 natam
1556 1325 1639 1359 seu
1671 1311 1732 1359 ab
1762 1316 1886 1374 me,
1908 1310 2145 1359 revocabis
2161 1310 2331 1374 facile,
2362 1324 2467 1358 σιιιιι

1529 1435 1558 1455 0

282 1522 388 1566 cent
411 1515 560 1566 Harl.
581 1520 630 1566 2.
677 1518 870 1566 vincent
890 1517 1014 1566 Vct.
1038 1517 1219 1567 Comh.
1239 1518 1461 1570 Chabot.
1485 1519 1672 1595 Delph.
1705 1518 1899 1569 Sanad.
1929 1518 2157 1578 Francis,
2189 1515 2469 1572 Heindorf,

283 1579 489 1629 Wakef.
513 1588 566 1629 et
591 1579 752 1630 Kidd.
815 1581 903 1630 Sic
925 1595 1128 1645 qnoque
1147 1581 1304 1632 Joan.
1327 1582 1764 1632 saresberiensis
1750 1597 1804 1631 ιιι
1829 1583 2078 1632 Policrat.
2102 1594 2227 1630 vm.
2250 1584 2298 1628 8.
2360 1579 2470 1628 vin·

281 1643 562 1692 mulieri.
585 1647 633 1692 8.
657 1648 706 1695 4.
730 1649 779 1694 6.
803 1645 1032 1693 nonnulii
1052 1645 1201 1695 codd
1225 1646 1469 1707 Bentleii,
1487 1660 1664 1695 ornnes
1687 1661 1771 1710 ap.
1796 1645 1955 1695 Gesu.
1978 1654 2034 1694 et
2055 1644 2174 1693 edd.
2198 1650 2321 1693 vett.
2341 1642 2469 1692 item

282 1707 439 1770 Cruq.
458 1707 702 1757 Torrent.
727 1707 795 1757 Η.
819 1715 875 1757 et
900 1709 966 1757 R.
985 1707 1171 1772 Steph.
1197 1708 1376 1758 Heius.
1398 1710 1605 1773 Talbot,
1622 1710 1777 1766 Piue,
1811 1710 1992 1758 Burm.
2014 1708 2182 1757 Bond.
2204 1707 2471 1757 Schrevel.

282 1770 528 1828 Dunster,
546 1771 759 1834 Bipont.
779 1772 939 1821 Baxt.
963 1772 1123 1821 Gesn.
1146 1772 1311 1823 Zenu.
1332 1773 1554 1823 Wetzei.
1572 1746 1628 1823 et
1649 1773 1832 1823 Corui».
1836 1777 1929 1822 -4
1954 1771 2103 1822 Harl.
2124 1775 2174 1820 4.
2193 1771 2467 1820 candae.

281 1837 379 1883 —6
414 1833 829 1889 Qaamsizarot.
862 1836 1053 1885 venet.
1092 1836 1307 1886 Mediol.
1334 1839 1478 1888 1477.
1513 1839 1636 1887 vet.
1671 1837 1855 1886 Comb.
1879 1837 1946 1885 ai.
1979 1835 2199 1887 ‘Quid-i
2225 1847 2349 1883 vera
2386 1840 2469 1882 est

281 1896 443 1947 lectio
466 1898 744 1961 priscarum
766 1898 1069 1962 editionum,
1088 1900 1241 1956 Qatnu
1260 1901 1305 1950 si
1323 1900 1492 1950 intere.
1562 1902 1717 1958 Quam
1736 1914 1848 1948 mox
1866 1897 2079 1962 repetes!
2110 1911 2226 1948 cum
2250 1897 2468 1948 admira·

1265 2027 1483 2079 NOTAE

283 2136 379 2186 per
400 2121 579 2171 literas
603 2137 771 2173 rerum
794 2124 1040 2173 memoria
1064 2137 1334 2175 conserva·
1413 2123 1553 2173 vidia
1593 2131 1650 2173 et
1697 2123 1961 2174 calumniis
2005 2135 2305 2186 oppressum
2343 2137 2467 2172 con·

283 2205 385 2247 tur.
451 2198 586 2247 Vide
610 2199 715 2248 Cic.
740 2212 827 2249 ιιι.
852 2197 918 2249 ad
939 2198 1334 2250 Heremseuec.
1412 2207 1550 2249 stat:
1594 2202 1611 2228 ⁸
1629 2200 1758 2252 Quae
1792 2214 1919 2248 vero
1954 2199 2160 2262 publice
2197 2198 2467 2248 damnarat

285 2272 451 2335 Epist.
479 2286 556 2322 vr.
1410 2273 1804 2325 Atheniensium
1820 2275 2024 2338 civitas,
2057 2269 2470 2336 pubiice‘iuxit3’

352 2348 526 2404 Qualia
563 2349 753 2398 vincant
797 2348 1130 2414 Pythagoran]
1189 2348 1336 2398 'l'aiia
1411 2357 1569 2415 atque
1593 2349 1647 2398 in
1667 2349 1774 2413 ejus
1804 2357 2129 2399 accusatores
2155 2348 2468 2411 indignatio-

283 2429 399 2471 sunt
422 2423 534 2473 haec
559 2422 886 2486 documenta,
923 2431 981 2473 ut
1012 2423 1174 2487 pluris
1199 2423 1336 2473 aesti·

284 2498 470 2547 manda
494 2498 769 2549 videantur
784 2513 937 2564 quam
951 2513 1067 2563 quoe
1086 2499 1342 2562 scripsere

286 2574 627 2638 Pythagoras,
647 2575 909 2636 Socrates,
926 2575 1110 2626 Plato:
1140 2577 1341 2640 quocir-

286 2663 348 2697 ca
385 2648 559 2698 laboro
601 2663 667 2698 ne
704 2648 826 2714 quid
856 2650 1102 2700 memoria
1139 2648 1339 2715 effluat,

288 2724 361 2772 ait
384 2723 583 2773 Catius.

348 2802 380 2848 ⁸
413 2800 749 2865 Pythagoran]
797 2802 949 2851 Samo
980 2803 1146 2851 insula
1167 2803 1339 2852 oriun-

286 2872 382 2922 dus
406 2874 493 2923 ille
531 2873 704 2926 floruit
738 2884 862 2925 ante
896 2877 1154 2926 Christum
1190 2877 1336 2926 annis

286 2948 448 2999 ferme
490 2952 784 3000 sexcentis:
842 2952 1073 3001 discendi
1116 2954 1334 3017 cupidus

1414 2440 1534 2474 nem
1559 2430 1614 2474 et
1630 2426 1873 2475 ultionem
1891 2423 2179 2474 convertit:
2206 2432 2263 2473 ut
2285 2423 2469 2472 scribit

1414 2500 1468 2550 S.
1491 2499 1716 2562 August.
1739 2499 1805 2550 de
1839 2500 1951 2549 civ.
1984 2499 2108 2559 Dei,
2133 2511 2256 2547 vm.
2276 2502 2325 2547 Β.
2347 2497 2468 2546 vide

1416 2575 1658 2625 Lactant.
1678 2589 1732 2624 v.
1756 2578 1834 2625 16.
1883 2572 2091 2624 Platon.
2125 2572 2344 2636 Apolog.
2364 2574 2467 2623 So·

1414 2652 1592 2708 cratis,
1641 2650 1797 2715 Apul.
1849 2649 1915 2700 de
1965 2650 2058 2700 As.
2109 2649 2237 2699 Aur.
2278 2649 2367 2697 lib.
2410 2661 2466 2696 x.

1415 2724 1606 2775 Athen.
1652 2725 1742 2775 lib.
1784 2738 1908 2774 xm.
1963 2725 2080 2774 Nee
2123 2724 2467 2787 pmtermitte

1416 2799 1528 2849 Cic.
1561 2807 1668 2848 turn
1704 2799 1854 2848 variis
1885 2799 2029 2862 locis,
2055 2813 2170 2848 cum
2204 2798 2466 2861 precipue

1415 2876 1569 2926 Tttsc.
1612 2889 1652 2924 ι.
1700 2889 1750 2924 ιι.
1791 2879 1874 2924 71.
1926 2875 2238 2935 ‘Socrates,‘

1416 2950 1434 2979 ‘
1452 2952 1620 3015 impiis
1633 2949 1901 3001 damnatus
1921 2949 2194 3000 sententiis
2212 2984 2226 2998 .
2245 2983 2261 2998 .
2279 2983 2294 2998 .
2313 2983 2327 2999 .

2283 2873 2466 2937 iuquit,

2348 2963 2465 2998 cum

285 3022 350 3072 ad
375 3024 645 3088 AEgyptios
667 3034 723 3075 et
744 3025 1057 3089 Babylonios
1075 3040 1130 3076 se
1154 3035 1337 3077 contu·
1406 3028 1518 3092 jam
1543 3028 1594 3077 iu
1610 3041 1762 3077 manu
1780 3025 2102 3087 mortiferum
2119 3024 2244 3076 iliud
2263 3031 2467 3075 teneret

285 3098 365 3147 lit.
432 3098 649 3162 Diogen.
683 3101 855 3151 Laert.
884 3101 971 3151 tib.
992 3115 1115 3152 vm.
1175 3101 1339 3152 Venit

283 3172 337 3221 in
383 3172 585 3224 Italiam
634 3184 885 3240 regnante
926 3176 1199 3242 Tarquinio
1241 3177 1339 3226 Su-

286 3248 476 3312 perbo:
514 3263 727 3316 eamque
757 3252 1042 3316 regionem,
1060 3266 1177 3317 quoe
1198 3265 1336 3315 mag-

285 3338 352 3373 na
372 3323 581 3375 Groecia
604 3325 747 3377 dicta
768 3337 865 3393 est,
883 3329 1120 3392 privatim
1138 3334 1192 3377 et
1212 3325 1339 3392 pub·

288 3399 385 3449 lice
423 3402 692 3450 exornavit
724 3403 1161 3465 praestantiuimis
1196 3402 1339 3453 iusti-

288 3478 413 3527 tutis
435 3486 489 3527 et
514 3476 725 3527 artibus.
792 3478 921 3527 Cum
955 3493 1078 3529 vero
1100 3479 1338 3529 doctriua

285 3553 395 3616 ejus
416 3553 565 3616 longe
596 3553 803 3617 lateque
838 3551 1039 3610 flueret,
1070 3567 1334 3616 permena-

286 3629 362 3677 vit
405 3629 457 3676 in
514 3627 691 3677 urbem
737 3629 966 3678 Romam.
1048 3628 1183 3678 Haec
1220 3627 1332 3678 Cic.

284 3699 437 3751 Tusc.
462 3715 504 3750 1.
527 3715 578 3751 ιι.
602 3705 683 3751 ⁸8.
729 3702 889 3751 Tusc.
910 3715 992 3751 tv.
1011 3717 1062 3752 n.
1080 3707 1131 3753 2.
1182 3704 1335 3753 Tusc-

286 3792 337 3828 ν.
359 3792 412 3827 ιι.
454 3781 528 3827 lo.
562 3775 628 3826 de
661 3790 724 3827 eo
746 3776 857 3840 jam
888 3784 1038 3827 antea
1060 3793 1101 3827 ι.
1126 3777 1234 3829 Ods
1251 3779 1335 3829 28.

288 3859 345 3902 et
361 3851 531 3915 Epod.
556 3866 651 3902 xv.

348 3927 592 3990 Anytique
643 3925 798 3989 ream]
855 3926 1142 3989 Socratem,
1186 3941 1340 3993 quem

288 4019 431 4053 reum
455 4010 677 4067 egerunt
710 4003 914 4066 Anytus
945 4003 1156 4069 quidam
1176 4003 1342 4067 dives,

287 4075 504 4129 Melitus'
521 4077 692 4141 poeta,
711 4086 767 4128 et
784 4079 963 4141 Lycen
981 4085 1175 4141 orator,
1191 4081 1339 4145 quasi

287 4154 419 4204 maie
441 4155 507 4203 de
523 4154 636 4204 Diis
651 4154 979 4206 sentientem.
1010 4153 1127 4205 Alia
1141 4155 1207 4204 ab
1221 4154 1338 4205 allis

291 4231 632 4282 accusationis
663 4230 840 4295 capita
877 4230 1188 4284 referuntur.
1249 4231 1341 4282 In·

413 4310 587 4373 οιιριι.
607 4315 658 4361 ιι
679 4311 791 4361 νυ.
808 4311 942 4362 cta..

1291 4309 1470 4364 Haut.

1415 3104 1677 3168 poculum,
1704 3104 1907 3154 locutus
1936 3103 2014 3153 ita
2039 3109 2141 3164 est,
2179 3107 2237 3152 ut
2264 3116 2365 3151 ιιοιι
2397 3099 2466 3150 ad

1413 3187 1629 3231 mortem
1665 3180 1824 3243 trudi,
1857 3178 1948 3229 sed
1982 3180 2034 3228 in
2060 3179 2244 3227 coelum
2268 3177 2467 3227 videre-

1415 3262 1503 3306 tur
1529 3252 1843 3306 ascendere!
1888 3254 1974 3304 De
2004 3253 2216 3303 Socrate
2225 3254 2337 3316 jam
2357 3253 2468 3302 dixi

1415 3346 1517 3382 non
1539 3345 1707 3395 pauca
1729 3344 1816 3380 ιιι.
1842 3328 1947 3380 od.
1968 3332 2050 3378 21.

1481 3405 1713 3468 Platona]
1732 3403 1851 3469 Hic,
1870 3403 2098 3453 Socratis
2115 3401 2340 3464 auditor,
2360 3415 2465 3450 ma-

1414 3482 1575 3546 gistro
1612 3495 1708 3545 par
1748 3486 1840 3529 aut
1875 3479 2036 3542 major
2076 3477 2261 3533 evasit,
2304 3472 2466 3525 divini

1414 3557 1573 3606 etiam
1596 3561 1906 3605 consecutus
1928 3553 2182 3615 elogium:
2211 3551 2464 3601 facundus

1415 3631 1547 3679 adeo
1583 3637 1640 3681 et
1669 3630 1930 3692 eloquens,
1953 3632 2010 3676 ut
2033 3627 2303 3676 Platonica
2326 3627 2465 3675 locu-

1416 3712 1585 3755 turum
1618 3702 1774 3754 fuisse
1805 3703 2011 3763 Jovem,
2044 3702 2088 3751 si
2119 3702 2304 3752 Groece
2328 3704 2467 3766 loqui

1415 3779 1680 3841 voluisset,
1696 3778 1848 3840 vulgo
1865 3776 2118 3828 dicerent.
2181 3777 2388 3827 Coelebs
2411 3783 2467 3826 et

1412 3861 1588 3904 castus
1606 3852 1736 3903 vixit
1752 3852 1815 3903 ad
1837 3866 2025 3901 anuum
2042 3852 2210 3902 astatis
2228 3856 2309 3901 81.
2328 3859 2465 3901 teste

1415 3930 1482 3979 D.
1503 3928 1726 3992 August.
1759 3927 1895 3977 Vide
1910 3928 2020 3978 Sat.
2041 3926 2267 3991 proeced.
2292 3942 2366 3976 vs.
2387 3929 2467 3977 n.

1412 4005 1545 4055 Not.
1600 4003 1734 4054 Item
1778 4003 1906 4053 Cael.
1950 4002 2173 4066 Rhodig.
2230 4015 2374 4052 xxn.
2412 4006 2466 4052 4.

1416 4091 1552 4128 xxx.
1575 4078 1668 4128 ult.
1692 4084 1748 4128 et
1766 4077 1890 4128 alibi
1909 4092 2068 4141 saepe.

1479 4159 1513 4204 7
1544 4155 1706 4204 Mirus
1741 4152 1960 4217 atroque]
2000 4153 2255 4204 Memoria
2289 4155 2464 4203 valens

1416 4236 1528 4279 tum
1560 4229 1782 4281 naturali
1812 4236 1921 4280 tum
1962 4226 2239 4286 artificiali,
2273 4244 2335 4279 ac
2373 4230 2467 4278 mi-
