2984 4867
1036 420 1115 468 m
1151 402 1480 471 ‘nonnil
1533 400 1897 475 ssu-mss(
2474 422 2604 486 ⁷59

484 553 630 616 Post
662 555 916 618 Ennium
941 568 1106 618 ortus
1137 558 1454 634 Pacuvius,
1478 565 1702 625 Satiras
1734 567 1859 644 ipse
1883 588 2140 650 quoque,
2171 573 2293 632 sive
2323 566 2600 634 Avuncu'-

400 648 544 722 lum,
574 651 702 712 sive
731 653 929 712 Arum
955 672 1027 714 ex
1052 665 1240 715 matre
1269 658 1555 730 imitatus,
1596 662 1851 741 scripsit.

481 745 676 806 Natus
700 757 796 808 est
821 749 1076 809 Lucilius
1118 771 1191 811 eo
1238 763 1522 833 tempore,
1567 776 1686 834 quo
1715 759 1967 819 maxime
1994 759 2245 821 florebat
2272 761 2597 825 Pacuvius.

397 839 748 919 Composuit
771 856 834 905 et
857 843 957 904 ille
989 846 1234 919 Satiras,
1277 849 1383 909 sed
1433 851 1649 930 quibus
1679 872 1894 915 novam
1921 867 2140 916 novata
2166 858 2461 918 scribendi
2491 879 2586 921 ra-

395 933 559 995 tione
585 939 852 1017 gratia‘m·
870 941 1228 1016 conciliavit,
1274 957 1344 1004 ut
1386 947 1490 1024 qui
1520 948 1802 1027 Antiquae
1832 952 2158 1011 Comoedise
2189 953 2421 1013 Groecae
2450 955 2595 1015 cha-

392 1040 676 1092 racterem
706 1035 946 1114 propius
975 1035 1298 1116 exprimere
1327 1041 1616 1102 voluerit:
1659 1044 1831 1122 cujus
1881 1044 2202 1106 admodum
2242 1047 2594 1126 imperfecta

391 1144 466 1186 ex
495 1127 691 1206 prisca
716 1127 922 1192 Latina
950 1133 1144 1193 Satira
1171 1134 1371 1195 haberi
1399 1148 1634 1216 poterat
1661 1141 1888 1210 notitia,
1913 1141 2090 1219 quale
2117 1140 2345 1202 scilicet
2364 1142 2589 1203 faceret

391 1221 669 1295 Carmen,
716 1225 875 1302 quod
919 1226 1049 1286 sola
1091 1229 1321 1290 Natura
1363 1231 1756 1306 dictitaverat,
1803 1246 2119 1313 antequam
2168 1236 2385 1315 injecta
2426 1250 2590 1299 esset

390 1316 678 1376 Romanis
717 1319 964 1381 Graecos
1008 1322 1297 1396 imitandi,
1344 1344 1667 1404 eorumque
1696 1327 1897 1407 spoliis
1927 1348 1992 1387 se
2021 1329 2448 1409 locupletandi,
2479 1351 2584 1392 co-

387 1411 615 1491 gitatio.
699 1415 789 1475 Ex
831 1418 1045 1495 quibus
1095 1419 1268 1481 facile
1308 1421 1561 1502 intelligi
1603 1431 1803 1502 potest
1850 1423 1999 1483 illud
2045 1424 2296 1496 Horatii,
2346 1445 2425 1485 11.
2456 1427 2584 1499 Sat,

397 1509 449 1568 Ι.
489 1509 594 1568 62.

1103 1625 1288 1699 Quid,
1313 1646 1448 1687 cum
1477 1638 1573 1687 est
1599 1627 1859 1689 Lucilius
1888 1648 2072 1689 ausus

624 1716 857 1779 Primus
886 1719 945 1779 in
973 1720 1133 1780 hunc
1160 1721 1355 1800 operis
1382 1740 1737 1801 componere
1765 1723 2029 1783 carmina
2055 1723 2318 1784 morem?

384 1824 523 1885 Noli
551 1842 756 1906 putare
789 1832 1097 1893 Horatium
1129 1833 1385 1893 voluisse
1410 1833 1628 1905 dicere,
1650 1835 1842 1894 nullas
1866 1846 2003 1894 ante
2032 1834 2319 1895 Lucilium
2351 1835 2576 1898 Satiras

381 1925 606 1989 factas:
651 1948 784 1989 cum
833 1931 1119 1990 Lucilium
1165 1931 1580 2010 praecesserint
1617 1931 1841 1990 Ennius
1880 1942 1940 1991 et
1981 1930 2299 2003 Pacuvius,
2328 1951 2575 2012 quorum

377 2020 479 2080 ille
505 2026 840 2105 exemplum
869 2037 1110 2087 secutus
1139 2012 1252 2086 est.
1335 2026 1403 2085 Id
1454 2025 1645 2086 solum
1674 2026 1881 2098 voluit,
1932 2027 2214 2087 Lucilium
2245 2046 2456 2089 novam
2487 2033 2578 2092 fa.

378 2117 527 2176 ciem
555 2118 694 2180 huic
724 2121 981 2181 Carmini
1009 2120 1293 2194 induisse,
1340 2122 1503 2200 quod
1551 2122 1946 2201 perpoliverit,
1992 2134 2054 2183 et
2101 2136 2411 2203 propterea
2458 2145 2570 2204 pro

374 2213 561 2291 primo
588 2217 760 2294 quasi
787 2230 1026 2278 auctore
1055 2217 1416 2277 habendum.
1499 2217 1569 2276 In
1597 2217 1804 2277 eadem
1843 2218 1946 2277 fuit
1995 2220 2289 2279 sententia
2334 2220 2574 2287 Quinti-

376 2307 568 2369 lianus
615 2330 683 2371 x.
718 2314 773 2372 l.
815 2320 831 2346 ‘
856 2313 1054 2372 Satira
1092 2311 1332 2392 quidem
1362 2323 1487 2371 tota
1517 2324 1720 2372 nostra
1747 2322 1860 2383 est,
1901 2311 1958 2371 in
1991 2332 2110 2391 qua
2136 2314 2357 2391 primus
2387 2314 2570 2397 insig-

373 2421 508 2463 nem
555 2404 796 2466 laudem
842 2407 1093 2487 adeptus
1139 2418 1234 2468 est
1276 2407 1579 2467 Lucilius.'
1660 2408 1821 2469 Cave
1849 2408 1944 2468 hic
1975 2407 2224 2487 pedibus
2250 2409 2308 2466 in
2341 2406 2570 2469 Casau4

373 2497 513 2557 boni
542 2502 894 2561 sententiam
933 2522 1058 2576 eas,
1084 2504 1186 2582 qui
1215 2502 1525 2564 Diomedis
1554 2502 1672 2563 fide
1698 2503 1903 2575 fretus,
1933 2503 2106 2562 Ennii
2134 2513 2195 2563 et
2221 2501 2425 2563 Lucilii
2456 2505 2567 2563 Sa-

371 2591 514 2651 tiras
542 2603 670 2653 toto
696 2615 910 2674 genere
931 2597 1246 2658 dissentire
1272 2597 1543 2658 credidit.
1628 2597 1778 2658 Vide
1808 2599 1938 2678 ipsa
1957 2598 2336 2658 Grammatici
2365 2599 2563 2674 verba,

370 2706 506 2766 quae
536 2690 765 2750 subacti
793 2690 1005 2771 judicii
1033 2692 1316 2752 Criticum
1347 2692 1406 2751 in
1455 2711 1708 2753 errorem
1747 2692 2126 2752 induxerunt.
2206 2699 2222 2726 ‘
2250 2693 2444 2752 Satira
2472 2703 2566 2753 est

371 2783 623 2847 Carmen
672 2787 832 2866 apud
882 2786 1206 2858 Romanos,
1250 2806 1366 2848 non
1408 2787 1647 2864 quidem
1689 2787 1848 2865 apud
1883 2788 2150 2859 Graecos,
2192 2786 2561 2859 maledicum,

367 2866 430 2938 et
456 2879 532 2938 ad
559 2881 862 2963 carpenda
886 2882 1186 2947 hominum
1206 2882 1365 2955 vitia,
1381 2881 1649 2941 Archoeae
1667 2881 1994 2941 Comoediae
2022 2881 2360 2941 charactere
2389 2901 2555 2941 com·

365 2974 643 3051 positum,
670 2977 845 3057 quale
875 2977 1235 3056 scripserunt
1262 2974 1540 3048 Lucilius,
1569 2988 1631 3036 et
1659 2976 1963 3047 Horatius,
1990 2987 2053 3035 et
2079 2976 2344 3036 Persius.
2433 2977 2554 3037 Sed

365 3067 502 3128 olim
533 3070 807 3145 Carmen,
835 3071 996 3152 quod
1024 3092 1096 3133 ex
1121 3071 1300 3131 variis
1327 3072 1699 3152 poiimatibus
1728 3074 2064 3138 constabat,
2092 3071 2285 3131 Satira
2315 3071 2555 3133 diceba·

362 3173 477 3236 tur,
518 3166 696 3245 quale
738 3167 1099 3247 scripserunt
1141 3166 1434 3227 Pacuvius
1463 3177 1524 3227 et
1552 3167 1825 3227 Ennius!
1904 3167 2167 3247 Apparet
2202 3166 2552 3227 Diomedem

359 3259 725 3340 distinguere
762 3262 1014 3324 Satiram
1053 3263 1258 3324 Lucilii
1300 3265 1376 3323 ab
1424 3282 1497 3324 ea
1523 3282 1700 3342 quam
1739 3262 1973 3341 scripsit
2016 3263 2242 3321 Ennius
2269 3272 2331 3320 et
2358 3261 2552 3321 Pacu·

361 3346 509 3415 'vius.
595 3356 871 3418 Ridicula
917 3369 1113 3418 autem
1161 3371 1222 3419 et
1263 3358 1504 3418 omnino
1532 3358 1684 3418 salsa
1710 3368 1804 3416 est
1830 3357 2003 3436 hujus
2034 3356 2427 3416 distinctionis
2456 3376 2551 3428 ea,

359 3468 537 3527 quam
563 3450 775 3524 reddit,
805 3453 972 3513 ratio.
1054 3453 1191 3512 Non
1221 3455 1365 3512 satis
1399 3453 1858 3529 investigaverat
1896 3451 2073 3510 homo
2102 3451 2349 3528 simplex
2377 3461 2550 3512 natu·
2620 3482 2625 3491 ·

356 3563 482 3604 ram
509 3557 572 3606 et
596 3547 877 3626 originem
908 3548 1207 3628 utriusque
1236 3548 1466 3620 Satiroe,
1511 3567 1647 3626 quoe
1692 3546 1933 3606 omnino
1966 3545 2399 3607 conveniebant
2426 3557 2545 3606 tam

356 3641 600 3700 materia
626 3661 803 3720 quam
832 3644 1041 3703 forma.
1123 3642 1279 3702 Nam
1301 3642 1442 3701 nihil
1470 3661 1544 3721 eo
1562 3642 1843 3702 attulerat
1864 3639 2121 3700 Lucilius
2151 3650 2364 3718 praeter
2390 3641 2544 3702 nito-

353 3735 434 3794 ris
463 3747 523 3795 et
549 3736 689 3808 salis
729 3737 1085 3817 plusculum,
1123 3739 1185 3797 in
1211 3756 1444 3798 summa
1463 3737 1551 3799 sei
1577 3735 1741 3796 nulla
1769 3735 1987 3814 insigni
2014 3734 2337 3794 variatione
2362 3737 2544 3797 facta.

353 3829 434 3889 Et
456 3849 793 3911 quanquam
839 3853 959 3892 non
1004 3834 1392 3914 conjunxerat
1428 3834 1600 3912 plura
1645 3850 1918 3893 versuum
1963 3849 2182 3908 genera
2221 3829 2282 3889 in
2328 3830 2539 3891 eodem

353 3923 653 3998 Carmine,
703 3927 857 3987 sicut
899 3928 1150 4001 Ennius,
1190 3928 1409 3987 fecerat
1455 3937 1652 3988 tamen
1682 3926 1915 3985 diversa
1945 3923 2244 3996 Carmina,
2289 3942 2536 4001 quorum

351 4017 468 4079 alia
494 4019 724 4100 integra
751 4023 1034 4082 Versibus
1079 4023 1475 4092 Hexametris‚
1523 4022 1643 4081 alia
1689 4019 1986 4092 Iambicis,
2035 4018 2155 4079 alia
2201 4017 2538 4079 Trochaicis

337 4116 727 4188 constabant,
765 4124 836 4176 nt
874 4117 1061 4195 liquet
1103 4137 1178 4177 ex
1221 4117 1406 4197 ipsius
1448 4116 1840 4195 Fragmentis.
1926 4114 2008 4172 Ut
2034 4114 2212 4203 verbo
2242 4111 2456 4184 dicam,
2487 4114 2542 4172 si

349 4208 671 4271 Lucilianoe
701 4211 907 4272 Satirae
937 4213 1150 4274 diversi
1178 4213 1409 4294 generis
1437 4214 1514 4274 ab
1546 4212 1831 4272 Ennianis
1861 4210 1995 4270 ideo
2035 4206 2355 4269 censendae
2394 4207 2537 4283 sint,
