2984 4867
418 313 548 383 820

483 474 683 538 scripta
703 488 818 524 mea
837 474 1045 538 publice
1069 483 1327 540 prostant,
1343 489 1442 526 uec
1463 490 1569 540 ego
1585 478 1777 540 ea,nisi
1798 477 1971 528 enticis
1989 478 2145 541 idque
2167 484 2398 537 coactns,
2412 479 2611 533 recitet

484 554 572 604 alii
597 568 718 604 vero
739 556 792 604 in
814 554 926 604 foro
948 570 1043 605 sus
1076 557 1298 606 recitent
1329 565 1384 606 et
1418 557 1468 606 in
1491 557 1710 619 balneis,
1731 572 1833 608 non
1853 572 1978 622 egos
2014 572 2109 609 nec
2150 560 2348 623 gaudeo
2370 560 2499 609 alios
2523 561 2615 611 ln·

482 631 630 694 dere,
650 639 710 682 ut:
740 633 1121 685 obtrectatores
1143 634 1542 685 calumniantur.
1605 637 1855 686 Detestor
1889 638 2062 697 istum,
2084 639 2171 703 qni
2193 638 2460 689 absentem
2485 640 2616 688 ami·

482 726 601 761 cnm
635 712 919 774 obtrectat,
952 713 1210 777 culpatum
1246 728 1346 763 non
1379 712 1636 775 defendit,
1670 715 1899 765 dicteriis
1931 724 2111 780 captat
2143 718 2399 767 hominum
2434 719 2614 776 risum,

483 792 699 841 crimina
720 790 846 842 falsa
880 792 1048 857 fingit,
1070 807 1258 843 arcana
1281 794 1473 857 prodit,
1492 794 1587 844 suh
1611 795 1789 859 specie
1823 797 2062 847 amicitia
2085 796 2498 847 malevolentiam
2534 805 2614 844 te·

484 872 580 934 git.
648 872 915 936 Ejusmodi
947 873 1332 936 improbitatem
1355 874 1421 924 ah
1443 875 1614 925 animo
1647 889 1764 926 meo
1782 883 1840 925 et
1864 876 2074 940 scriptis
2108 874 2287 928 abfore
2318 876 2613 926 certissime

482 950 748 1015 promitto.
814 952 1005 1001 Verum
1029 952 1072 1000 si
1099 951 1220 1016 quid
1256 953 1472 1002 liberius
1494 959 1553 1003 et
1584 951 1721 1005 forte
1744 955 1973 1019 jocosius
1995 955 2195 1016 dixero,
2225 954 2344 1004 mihi
2377 955 2613 1018 ignosca-

485 1039 586 1081 tnr.
620 1031 736 1103 ‚Ad
758 1032 888 1081 vitia
921 1030 1169 1096 fugienda
1202 1040 1260 1081 et
1299 1039 1444 1082 recte
1470 1033 1630 1082 vitam
1670 1033 2036 1084 instituendam
2075 1038 2299 1098 optimus
2338 1042 2489 1097 peter
2525 1046 2611 1082 me

473 1111 628 1174 jussit
645 1111 900 1175 inspicere
932 1112 1171 1176 exempla
1199 1112 1545 1175 improborum
1568 1119 1625 1161 et
1658 1112 1954 1175 proborum.
2019 1113 2190 1177 Igitur
2212 1115 2338 1164 vitia
2370 1114 2610 1172 aliorum,

482 1204 547 1240 ne
570 1191 677 1255 ipse
711 1191 1028 1242 committam
1063 1192 1181 1241 olim
1221 1192 1542 1256 imprudens,
1561 1193 1669 1244 otio
1705 1208 1965 1258 concesso,
1986 1195 2149 1244 literis
2182 1194 2385 1245 mando.
2450 1193 2611 1246 Quod

484 1271 582 1321 nisi
605 1272 726 1323 mihi
759 1271 1047 1322 concedere
1071 1271 1219 1331 selis,
1251 1270 1402 1334 copia
1430 1270 1705 1322 Poetarum
1738 1273 1862 1323 mihi
1885 1274 1983 1323 erit
2004 1274 2211 1334 auxilio,
2232 1281 2286 1322 ot
2309 1281 2364 1322 te
2382 1273 2448 1322 sd
2474 1275 2608 1321 hanc

481 1360 712 1403 nostram
735 1353 1068 1412 seutentiam,
1089 1351 1286 1401 Satires
1318 1365 1434 1401 esse
1468 1351 1786 1416 scribendas,
1804 1367 2067 1417 cogemus,
2088 1352 2515 1418 quemadmodum
2538 1352 2608 1400 ad

482 1446 601 1483 suas
624 1433 942 1483 caerimonias
964 1431 1349 1496 amplectendus
1369 1433 1687 1497 compellunt
1709 1434 1835 1483 alios
1854 1433 2045 1485 Judaet.

1132 336 1200 396 Q.
1248 334 1567 383 nonant
1620 335 1881 386 rhAoot

417 1563 528 1628 Eu
541 1580 628 1626 1²0
641 1578 778 1641 me,
806 1567 1005 1644 atque
1034 1559 1371 1637 cratinae,
1402 1558 2053 1644 Aristophanesque,
2086 1559 2344 1639 Poetae,

483 1720 702 1784 Eupolis,
727 1717 973 1779 Cratinus,
1004 1721 1053 1767 et
1083 1715 1639 1782 Aristophanesfllis’que
1672 1721 1848 1769 veteris
1882 1720 2115 1770 comoeds'ae
2134 1725 2367 1782 sucina,
2389 1722 2436 1770 st·
2466 1721 2597 1785 qnis-

484 1960 657 2012 Sstira
670 1959 834 2024 prims
867 1958 1012 2009 Libri
1038 1959 1255 2009 secundi
1281 1959 1332 2007 in
1356 1957 1439 2009 ed.
1463 1959 1654 2009 Ssuad.
1722 1961 1785 2010 In
1808 1960 2108 2026 quibusdam
2133 1968 2264 2012 vett.
2297 1960 2607 2012 inscribitur

1396 2105 1617 2158 ⁸01·AE

482 2207 509 2252 1
546 2203 757 2267 Eupolis,
779 2199 886 2266 ξω]
920 2202 982 2251 In
1013 2201 1108 2251 hac
1132 2201 1304 2252 Sstirn
1325 2203 1469 2265 inge·
1549 2203 1691 2254 croh.
1713 2202 1976 2253 Plutarch.
2001 2202 2183 2253 Athen.

415 2279 562 2328 niose
608 2276 846 2327 defendit
891 2291 946 2326 so
993 2276 1244 2327 Horatius
1288 2285 1471 2327 contra
1615 2279 1867 2343 Cratinus]
1899 2279 1952 2329 Is
1978 2277 2195 2329 Athenis
2217 2276 2483 2340 oriundus,
2506 2278 2605 2327 ibi-

414 2354 713 2415 melevolos‚
745 2354 832 2418 qni
864 2352 1029 2415 ipsum
1061 2358 1117 2401 et
1149 2351 1299 2401 nimis
1334 2365 1467 2401 mor-

416 2428 615 2491 dacem,
659 2436 717 2477 et
756 2427 955 2477 Lucilio
1009 2423 1309 2475 inferiorem
1361 2428 1466 2476 sie·

415 2501 560 2552 bant.

481 2576 694 2639 Eupolis,
709 2574 956 2631 Cratinus,
965 2573 1328 2640 Aristophanes]
1342 2577 1467 2627 Tres

410 2653 497 2703 isti
520 2652 706 2702 1³03«ae
722 2651 903 2701 eadem
922 2657 1079 2701 aetste
1101 2652 1359 2709 vixerunt,
1378 2666 1465 2701 an·

412 2732 491 2781 nis
526 2738 648 2779 ente
684 2728 940 2779 Christum
974 2728 1183 2778 circiter
1221 2729 1464 2793 quadrin-

412 2806 598 2868 gentis.
663 2803 906 2854 Cratinus
942 2804 1143 2854 senior:
1181 2810 1297 2867 post
1329 2804 1462 2854 hune

415 2881 650 2945 Eupolis,
684 2880 797 2942 ejus
826 2881 1017 2945 stylum
1052 2879 1328 2947 diligenter
1351 2880 1462 2929 imi·

411 2961 585 3007 tetus:
619 2955 853 3017 seqnitur
873 2953 1270 3023 Aristophanen
1308 2968 1461 3018 quem

411 3031 566 3081 Plato
588 3028 809 3078 medium
829 3028 1095 3078 interillos
1112 3028 1258 3085 dicit,
1274 3041 1462 3092 nempe

410 3105 621 3156 Cratino
640 3117 786 3168 aeque
805 3104 1179 3164 vehementem,
1197 3103 1361 3152 minus
1386 3111 1463 3152 ta·

408 3195 528 3241 men
573 3178 832 3235 scerbnm,
868 3177 1137 3240 Eupolidis
1170 3183 1341 3228 autem
1381 3192 1464 3227 ur-

410 3257 696 3306 banitatem
721 3261 1032 3304 assecutum.
1066 3252 1261 3302 Horum
1285 3252 1461 3302 memi-

409 3331 489 3385 nit
515 3331 647 3381 Vell.
685 3330 894 3379 Petere.
931 3329 1018 3378 lib.
1037 3342 1076 3377 t.
1109 3333 1125 3357 ⁸
1150 3328 1279 3380 Quis
1301 3329 1457 3379 abun·

407 3407 513 3471 de‚’
535 3409 722 3472 inquit,
744 3406 761 3434 ⁴
783 3407 954 3455 mirari
972 3411 1158 3469 potest,
1176 3405 1313 3471 qnod
1337 3405 1461 3455 emi·

406 3483 706 3532 nentissimn
742 3482 982 3546 cujusque
1028 3479 1351 3544 professionis
1382 3480 1458 3529 in·

409 3557 558 3619 genia
592 3557 642 3605 in
681 3556 818 3605 idem
855 3556 1043 3606 arctati
1079 3557 1322 3619 temporis
1344 3569 1461 3619 spa·

411 3632 534 3681 tium
554 3638 931 3693 congregantur
954 3666 967 3680 .
986 3666 998 3679 .
1021 3665 1034 3681 .
1061 3663 1074 3678 .
1097 3645 1197 3679 nna
1216 3644 1313 3680 nee
1333 3632 1459 3679 mnl·

408 3715 575 3757 torum
593 3720 840 3755 annorum
863 3706 1132 3754 intervallo
1148 3705 1315 3754 divisa
1332 3712 1458 3754 :etas

411 3799 505 3848 per
529 3782 685 3831 divini
720 3781 934 3845 spiritus
972 3780 1111 3830 viros
1146 3780 1456 3844 AEschylum,

407 3858 734 3921 Sophoclem,
751 3853 1046 3918 Euripidem
1061 3852 1338 3904 illustravit
1356 3861 1458 3904 tru-

407 3932 631 3997 goedias':
669 3945 770 3980 nna
793 3930 1013 3992 priscam
1035 3929 1174 3978 illam
1209 3929 1303 3978 sub
1333 3930 1458 3979 Cra·

404 4009 531 4064 tino,
555 4005 915 4070 Aristophane,
931 4010 985 4054 et
1001 4004 1250 4068 Eupolide
1272 4020 1458 4056 comoe·

406 4081 578 4130 diam:
616 4097 676 4131 ac
712 4094 894 4131 novam
922 4079 1255 4143 Menandm,
1292 4096 1453 4146 mqua-

404 4155 583 4220 lesque
623 4156 772 4220 ejus,'
809 4159 909 4206 dcc.
951 4154 1060 4206 Jul.
1102 4156 1306 4219 Pollux,
1339 4156 1452 4206 Ms-

1547 2353 1664 2404 dem
1705 2355 1898 2418 primns
1933 2354 2186 2403 satiricum
2221 2352 2446 2402 fabulam
2482 2368 2603 2416 pro·

1547 2430 1694 2495 duxit
1709 2430 1758 2479 in
1778 2429 2040 2492 Dionysiis
2061 2446 2073 2476 ε
2106 2428 2456 2477 bibacissimns
2473 2427 2573 2478 fnit
2584 2447 2602 2489 i

1547 2502 1614 2553 ad
1656 2519 1843 2554 annum
1888 2504 2219 2553 centesimum
2273 2503 2430 2551 vitum
2482 2518 2603 2567 pro-

1546 2579 1725 2628 traxit.

1612 2654 1832 2718 Eupolis]
1856 2653 2074 2702 Fabula·
2096 2664 2189 2700 seu
2208 2651 2486 2701 eomoedins
2511 2652 2601 2702 ille

1545 2728 1911 2791 septemdecim
1937 2726 2165 2789 scripsit,
2183 2741 2249 2775 ex
2269 2725 2453 2790 qnihns
2477 2740 2595 2790 sep·

1545 2810 1648 2853 tem
1667 2804 1714 2853 ei
1738 2803 2002 2852 victoriam
2029 2808 2364 2863 pepererunt.
2420 2801 2602 2851 Nomi·

1544 2886 1762 2929 uantur:
1797 2879 2005 2942 Capra,
2028 2878 2298 2934 Desertor,
2319 2879 2419 2925 See.
2468 2877 2602 2927 Per-

1543 2954 1605 3003 iit
1650 2955 1702 3003 in
1733 2953 1899 3003 navali
1937 2952 2114 3016 prelio
2145 2951 2282 3017 quod
2315 2951 2603 3002 Athenien·

1540 3045 1620 3080 ses
1657 3030 1904 3080 adversus
1936 3026 2357 3078 Lacedoemonios
2388 3030 2601 3078 commi-

1537 3110 1717 3154 serunt
1729 3104 1885 3167 juxta
1909 3102 2323 3166 Hellespontum.
2369 3103 2496 3167 Ejus
2521 3104 2601 3154 in·

1539 3180 1749 3231 teritum
1773 3179 1904 3230 adeo
1927 3179 2168 3228 luxerunt
2205 3178 2284 3226 sni
2317 3178 2598 3241 populares

1539 3263 1595 3302 nt
1619 3255 1772 3304 etiem
1796 3253 2054 3303 edixerint
2086 3266 2152 3301 ne
2191 3252 2437 3317 deinceps
2459 3254 2596 3304 nllus

1537 3328 1707 3379 Poeta
1721 3330 1987 3379 militaret.
2016 3327 2216 3378 suidas.
2238 3328 2477 3378 Macroh.
2500 3330 2597 3379 Sa-

1540 3404 1730 3453 turnal.
1764 3416 1864 3452 vn.
1898 3409 1949 3452 5.
2003 3408 2019 3431 ‘
2043 3402 2210 3452 Notus
2241 3411 2324 3452 est
2355 3404 2596 3453 omnihus

1541 3477 1754 3542 Eupolis
1779 3479 1914 3528 inter
1928 3479 2195 3541 elegantes
2216 3477 2482 3526 habendus
2505 3492 2598 3527 ve·

1540 3555 1664 3603 teris
1686 3554 1965 3604 Comoedioe
1985 3552 2215 3603 Poetas!

1602 3628 1967 3693 Aristophanes]
2002 3627 2066 3677 In
2090 3627 2241 3690 hujus
2274 3627 2434 3676 corde
2459 3635 2595 3678 tem·

1537 3703 1677 3766 plum
1701 3704 1800 3752 sibi
1814 3703 2064 3752 struxisse
2077 3702 2302 3765 Gratias,
2322 3703 2396 3751 nit
2421 3705 2595 3755 Plato.

1537 3778 1593 3827 Is
1616 3780 1806 3842 quippe
1830 3777 2038 3826 Atticos
2057 3776 2260 3839 lepores
2283 3791 2479 3826 summe
2501 3792 2595 3827 ex·

1537 3853 1698 3904 coluit
1728 3850 2034 3915 extulitque.
2099 3852 2387 3901 Dubitntur
2408 3853 2594 3903 nihilo·

1538 3930 1701 3978 minus
1726 3944 1788 3978 nn
1812 3927 1973 3977 fuerit
1999 3926 2348 3989 Atheniensis,
2366 3943 2430 3977 an
2453 3930 2594 3979 Rho·

1536 4004 1672 4066 dius,
1695 4017 1761 4054 an
1784 4003 2180 4068 AEgyptius,&c.
2236 4002 2457 4053 Babulus
2479 4005 2592 4053 edi-

1537 4079 1616 4130 dit
1634 4087 1855 4144 quatuor
1875 4089 1931 4129 et
1944 4078 2331 4143 quinquaginta,
2349 4093 2379 4128 e
2402 4080 2590 4144 quibus

1534 4163 1810 4220 supersunt
1850 4155 1997 4206 nobis
2042 4153 2314 4205 undecim:
2362 4170 2393 4205 a
2426 4156 2592 4207 Θαίδι
